2800 4759
462 249 805 309 annuorum,
1120 246 1167 323 η

1 422 2 503 3
78 424 241 478 mamm
277 407 522 501 cogruoonem
555 411 603 486 ab
634 410 848 511 Aegyptiis,
885 414 1024 507 Persis,
1064 418 1169 494 ludis
1254 443 1257 451 ·

1 516 2 535 *
80 526 283 623 accepisse
314 535 352 598 et
382 533 602 606 memoriam
633 546 877 632 acceptorum
898 537 1077 632 religiose·
1091 562 1168 614 ser-

80 665 206 721 vasse
236 657 381 744 putant
442 648 517 723 Sed
550 649 598 724 de
629 652 701 727 hoc
726 654 821 728 alius
846 657 918 729 erit
942 655 1089 732 dicendi
1114 660 1168 733 lo·

84 789 169 841 cns.
220 764 354 841 Altera
382 791 470 865 puts
501 771 690 846 interdicti
722 777 873 873 proprie
897 775 946 850 de
970 778 1167 854 homicidis

83 886 256 977 valebat,
282 899 413 983 postea
432 902 556 965 autem
576 891 688 967 latius
708 908 859 993 accepta
879 909 947 987 est,
972 910 1023 973 ut
1038 907 1167 975 noluo

82 1005 437 1104 ingrederetur,
462 1014 553 1086 nisi
579 1016 656 1110 qui
682 1036 730 1088 se
754 1017 1048 1092 innocentem
1067 1042 1168 1094 nos·

81 1141 159 1204 set
195 1128 388 1228 Lamprid.
421 1131 547 1208 Seuer.
582 1158 611 1207 c.
644 1133 780 1209 xvlu„
813 1158 887 1233 qua
919 1141 1167 1236 praeconis

81 1274 209 1327 voce
239 1251 381 1347 impii
414 1263 461 1326 et
491 1254 725 1328 scelerati
755 1253 1034 1331 initiatione
1067 1258 1168 1332 sub·

14 1361 21 1377 “
81 1363 410 1446 movebantur
442 1372 593 1447 Sueten.
629 1372 714 1447 Ner.
748 1399 788 1450 n·
803 1375 977 1452 XXXIV.
1029 1376 1168 1452 Verum

30 1475 34 1488 ’
82 1515 134 1567 ne
169 1490 244 1564 hoc
277 1489 427 1587 quidem
458 1494 735 1568 Eleusiuiorum
767 1501 961 1594 proprium
994 1496 1068 1571 dici
1100 1521 1169 1596 po·

85 1625 188 1702 test‚·
222 1633 334 1709 quum
367 1616 518 1688 omnis
543 1615 783 1713 praefatio
810 1640 1168 1708 sacrorumecos,

90 1731 266 1831 quibus
286 1747 390 1805 ‘non
422 1736 518 1808 sint
543 1756 688 1832 purae
714 1757 894 1826 manus,
927 1740 1077 1813 sacris
1103 1761 1168 1812 ar-

89 1864 207 1927 ceat
220 1850 305 1927 Liv.
331 1852 445 1927 ΧΙΝ.
472 1852 507 1928 5.
533 1850 648 1951 idque
672 1853 768 1928 adeo
801 1856 1028 1955 templorum
1053 1860 1167 1933 vesti·

88 1970 190 2048 bulis
214 1974 434 2072 imeriptum
459 1974 585 2063 fuerit,
609 1975 662 2074 μὴ
688 1978 861 2077 παριέναι
886 1982 973 2053 εἵσω
997 1986 1078 2054 τῶν
1102 2007 1167 2053 πε-

88 2093 382 2197 proicerentur,
416 2095 512 2181 ictio
550 2094 602 2194 μὴ
634 2096 806 2198 καθαρός
841 2101 919 2173 ἐστι
949 2096 1018 2183 τοὶς
1039 2104 1168 2198 χεῖρας

87 2216 243 2289 Lucian
270 2212 318 2286 de
346 2212 475 2288 Sacrif.
501 2212 685 2315 §.·13.[‘¹]
722 2215 798 2290 Sed
822 2216 981 2290 fortasse
1005 2217 1097 2290 haec
1121 2216 1164 2290 li-

87 2337 216 2411 bertas
266 2336 387 2409 tacitis
428 2334 649 2433 quibusdam
690 2336 973 2435 exceptionibus
1014 2338 1168 2410 circum·
1234 2331 1244 2344 '

88 2459 238 2556 scripta
254 2455 336 2545 fuit,
362 2477 483 2553 neque
506 2456 577 2530 hoc
601 2457 725 2530 solum
750 2437 943 2546 sancitum,
969 2466 1013 2529 ut
1038 2479 1062 2529 a
1088 2479 1165 2528 see·

89 2580 167 2652 lere
206 2578 293 2676 puri
322 2574 390 2649 sed
421 2578 535 2649 etiam
567 2588 611 2650 ut
642 2580 743 2653 cives
775 2574 891 2650 Attici
924 2588 1065 2667 essent,
1100 2578 1166 2674 qui

87 2698 283 2772 Eleusinia
307 2697 471 2795 accipere
496 2698 658 2773 vellentl
683 2697 727 2770 Id
753 2696 902 2795 quidem
925 2695 1094 2770 Julianus
1110 2696 1167 2768 af·

92 2822 215 2892 lirmat
245 2816 370 2893 verbis
403 2819 564 2892 minime
590 2816 755 2890 obscuris
790 2816 852 2888 Or.
884 2816 965 2888 Vll.
1002 2814 1089 2888 238.
1116 2816 1167 2910 σύ,

91 2940 134 3017 δ’
159 2939 256 3025 ὅπως
278 2938 371 3039 ἡμῖν
395 2939 447 3038 μὴ
473 2938 541 3018 τὸν
570 2939 729 3044 Διογένη
755 2935 959 3039 προβαλὼν
984 2935 1102 3035 ὥςπερ
1127 2965 1165 3010 τι

90 3067 363 3163 μορμολυκεῖον
389 3055 609 3161 ἐκφοβῆσῃς.
654 3061 710 3138 Οὐ
736 3058 811 3164 γὰρ
837 3053 1006 3158 ἐμυήθη,
1033 3053 1163 3157 φησίν»

161 3297 203 3371 [⁶]
221 3300 367 3371 Egregium
383 3301 543 3372 epigramma
561 3298 679 3369 [Αδεσπ.
689 3297 870 3376 ΙΟΟΧΧΧΙΠ.
888 3297 926 3366 n]

300 3385 399 3461 Ἀγνὸν
411 3386 467 3463 χρὴ
486 3392 562 3455 νηοῖο
579 3382 704 3447 θυώδεος
721 3387 803 3441 ἔνδον
820 3382 901 3440 ἐόντα

372 3460 498 3532 ἔμμεναι·
516 3454 611 3528 ἁγνείη
628 3456 654 3510 δ’
672 3457 732 3511 ἐστὶ
748 3461 865 3529 φρονεῖν
882 3451 954 3509 ὅσιοι.

92 3547 187 3621 templo
209 3547 357 3619 Epidaurio
388 3547 540 3618 inscriptum
563 3546 621 3598 fuit
655 3543 818 3614 Porphyrius
841 3543 874 3595 Δ.
897 3540 934 3594 Ν.
951 3555 974 3624 ο.
993 3533 1035 3588 16.
1059 3530 1164 3621 τοῖς,ῐᾶ

91 3616 228 3674 Aterno&
254 3623 421 3691 μυουμένοις
445 3617 666 3689 παραγγέλλουσι
689 3611 814 3687 καθαρὰς
836 3612 910 3682 ἔχειν
934 3625 982 3666 τας
994 3609 1091 3677 χεῖρας
1107 3600 1163 3656 απὸ

91 3687 192 3749 παντὸς
208 3691 333 3761 λυπηροῦ
351 3691 398 3743 καὶ
414 3689 563 3755 olamans
581 3688 627 3739 nal
643 3687 779 3758 μυσαροῦ.
819 3681 898 3744 Quod
922 3685 1009 3731 autem
1024 3674 1164 3726 ,Cambe-

90 3776 138 3813 nns
161 3760 197 3812 ad
215 3760 329 3829 Capitol.
355 3778 382 3830 p.
399 3759 443 3812 78.
461 3766 488 3812 et
505 3756 608 3827 plurimi
625 3756 693 3808 hunc
709 3773 738 3806 se
755 3753 812 3806 nuti
835 3751 983 3833 affirmant,
1009 3760 1163 3816 praeconem

88 3830 116 3882 in
139 3828 224 3890 meris
241 3829 384 3885 Eleusiniis
408 3829 579 3900 proclamasse
594 3823 686 3894 Ἑκὰς,
711 3826 775 3885 {aar
792 3822 860 3884 ὅςιος
876 3819 995 3889 ἀλιτρος,
1019 3832 1093 3899 nemo
1116 3830 1164 3865 ve·

88 3909 173 3955 terum
195 3906 328 3967 mentm,
352 3916 436 3969 neque
461 3901 526 3952 haec
549 3896 659 3949 formula
682 3893 807 3966 praeconi
823 3891 911 3945 Attico
930 3892 1060 3941 convemt.
1094 3883 1163 3935 Ter-

89 3970 194 4025 tulliani
216 3973 301 4025 verbs
318 3972 342 4024 A
360 3971 395 4025 οΙ.
411 3970 448 4023 II.
465 3970 492 4024 7.
513 3983 640 4037 semper
656 3966 784 4035 impiae
800 3960 1029 4016 initiationes
1047 3960 1164 4008 arcent

90 4043 254 4112 profanos
272 4048 307 4095 et
324 3989 364 4096 οἵ)
382 4039 532 4096 arbitris
548 4042 687 4101 cavent,
705 4034 739 4089 ud
756 4029 1002 4104 mysterisprivats
1018 4030 1143 4096 spectent

849 4165 852 4174 ,
936 4118 962 4190 2
