2800 4759
392 265 406 288 Α.
463 213 782 290 carmes„
1062 206 1141 286 489
1268 181 1274 193 ’

68 383 140 466 bus
177 382 287 471 locis,
324 379 652 494 ubi.‚Arlstuteles-
676 381 767 469 rode
795 380 1017 488 Oeoidyove,
1050 383 1140 470 rode

67 501 242 610 πρώτους
266 499 593 608 θεολογήσαντας,
612 500 1005 603 ’τούςηπζαμπολαέοος
1037 516 1139 578 ante·

66 634 208 711 natm,
222 625 284 706 in
308 622 477 704 Homero
512 645 594 700 sese
626 633 738 726 etque
759 622 931 704 Hesiodo
967 625 1141 714 conduct,

67 743 212 841 Orphei
237 754 363 827 autern
389 742 559 826 inlibris
585 765 609 816 a
635 742 852 842 sepuvcda
880 744 1069 820 translatis
1093 766 1142 822 nc

65 865 221 940 nomine
247 862 550 961 quidemrutitur.
601 864 647 940 In
670 863 713 938 L.
738 864 767 938 L
793 863 826 963 p,
839 864 902 940 23.
926 889 964 964 p.
990 865 1028 942 O.
1051 867 1141 965 pri·

66 1007 167 1070 mos
194 984 443 1079 theologos
469 994 516 1057 et
540 986 751 1082 ipsorum
780 985 1051 1083 opinionem
1077 963 1149 1061 οο·Ι

66 1107 181 1196 lert3
206 1106 366 1202 que-in
392 1106 496 1188 loco
522 1103 775 1210 Homerum
788 1104 1142 1205 Hesiodumque

67 1224 558 1321 designarevidetur,
593 1227 729 1323 quasi
760 1225 1020 1304 hiiuerint
1045 1231 1142 1327 pri·

65 1327 1140 1441 mmmmnumnsmmdh

67 1465 250 1572 ibides,
276 1467 399 1558 enh.
422 1465 509 1552 XII.
536 1466 598 1558 33,
627 1467 711 1540 192.
736 1465 772 1541 h.
825 1466 901 1543 Sed
926 1470 1041 1544 instat
1066 1470 1142 1543 alia

68 1591 239 1689 quaestio
265 1588 431 1683 gravior3
456 1598 583 1661 utrum
609 1587 798 1678 Proculus,
812 1588 1045 1680 Damascius,
1069 1589 1125 1685 Sy
1168 1657 1171 1664 λ

66 1713 197 1785 rianns
233 1709 439 1805 ceterique,
473 1730 566 1805 quos
601 1709 641 1782 in
675 1709 746 1784 hae
777 1707 1039 1806 disputationis
1074 1733 1140 1784 no·
1278 1735 1281 1744 ’

67 1844 171 1910 strae
195 1841 302 1926 parte
326 1830 534 1926 sequimur,
567 1849 612 1901 ea
637 1851 733 1926 quae
758 1827 806 1901 de
832 1828 971 1928 Orphei
998 1830 1140 1906 Genea-

67 1952 173 2045 logia
194 1951 372 2039 afferunt,
409 1949 620 2046 promiscue
646 1948 896 2024 exomnibus
921 1948 1039 2024 trihus
1065 1974 1139 2025 ear·

68 2071 231 2148 minibus
264 2071 454 2145 hauserint
486 2092 535 2143 an
569 2091 621 2142 ex
654 2091 699 2144 ea
732 2069 814 2145 sola
839 2092 934 2169 quae
959 2070 1141 2171 dicituro}

71 2199 112 2272 ἐν
144 2199 227 2278 ταῖς
258 2190 469 2294 ροψῳὸίαις
500 2190 692 2296 deoperte.
744 2189 926 2266 Neutrum
963 2195 1071 2267 certis
1105 2197 1165 2268 et'

68 2313 221 2388 invictis
256 2311 463 2386 rationibus
500 2310 747 2385 demonstrari
781 2326 924 2409 potest,
973 2312 1041 2387 sed
1075 2315 1141 2388 illo

69 2435 196 2534 posito
230 2428 350 2505 omnis
384 2432 432 2505 de
467 2415 597 2505 ordine
630 2444 668 2504 et
699 2444 915 2527 argumento
942 2430 1143 2529 Cosmogo·

69 2556 156 2628 niae
192 2552 396 2652 disputatio
431 2551 674 2651 praeciditur,
711 2552 870 2626 alterurn
906 2566 1031 2626 autem
1067 2576 1143 2627 non

72 2676 194 2750 solum
230 2674 300 2746 hoc
342 2672 579 2746 incommodo
622 2685 732 2762 vacet
767 2671 833 2746 sed
876 2674 986 2747 etiarn
1023 2674 1142 2749 multo

71 2793 300 2895 probabilius
338 2805 412 2884 est,
450 2795 612 2891 primurn
648 2795 736 2891 quia
772 2796 935 2867 carmina
970 2793 1143 2894 Orphica,

72 2940 169 3016 quae
194 2916 374 2989 Platonici
399 2913 622 3004 lectitarunt,
647 2916 688 2986 in
712 2914 933 3014 rhapsodias
959 2911 1145 3015 descripta

74 3039 191 3112 fuisse
227 3034 413 3110 luculento
449 3033 588 3107 Marini
623 3037 836 3110 testimonio
873 3048 1035 3127 constat,
1082 3040 1145 3136 qui

71 3157 271 3232 Proculum
306 3157 420 3231 refert
456 3179 479 3229 a
510 3154 703 3254 discipulis
736 3158 814 3230 suis
846 3167 1039 3230 exoratum
1073 3157 1157 3251 Sy·-

70 3280 169 3353 riaui
210 3280 252 3351 in
294 3277 483 3378 Orpheum
527 3259 800 3351 commentariis
841 3276 1020 3380 adnotare
1063 3300 1144 3353 coe

70 3401 192 3500 pisse:
238 3399 301 3475 xci
336 3383 486 3503 ἐγένετο
512 3399 740 3500 εῑςηὌρφέα
777 3399 882 3499 αὐτῷ
918 3398 1046 3498 σχόλια
1081 3399 1145 3475 καὶ

71 3518 325 3622 ὑπομνήματα
362 3517 499 3617 στίχων
535 3519 605 3594 οὐκ
641 3517 797 3623 ὀλίγων,
842 3525 874 3595 ei
908 3520 973 3596 scal
1006 3520 1058 3622 μὴ
1093 3525 1144 3605 εἰς

71 3650 203 3717 πᾶσαν
226 3640 297 3738 τὴν
316 3638 537 3741 θεομοθίαν
561 3635 734 3736 ducisne
758 3640 826 3726 τὰς
853 3640 1050 3744 ῥαψῳδίας
1074 3644 1113 3730 ἐξ
1129 3682 1144 3700 -
1250 3737 1253 3746 λ

70 3763 200 3865 γένετο
233 3761 339 3861 αὐτῷ
369 3768 481 3837 τοῦτο
516 3768 666 3856 ποιῆσαι
692 3759 737 3831 V.
770 3760 871 3833 Prce.
898 3760 1070 3836 XXVIII.
1107 3785 1146 3860 p.

70 3880 135 3955 21.
170 3879 235 3954 ubi
261 3880 376 3955 verba
408 3879 431 3977 ἢ
464 3880 532 3966 τὰς
557 3880 753 3982 ῥαψῳδίας
788 3884 999 3979 epexegesis
1034 3903 1144 3957 causa

70 4000 204 4075 addita
239 3987 326 4075 sunt
360 4002 505 4075 nomini
541 4001 904 4096 Thecmythiee,
947 4003 1017 4077 hoc
1053 4025 1143 4079 vero
