2800 4759
270 185 346 258 762
583 193 725 248 uinta
751 192 1008 249 SECUNDUS.

271 367 390 429 rentes
423 365 459 425 et
492 353 597 449 quasi
630 349 891 447 protoplastos.
943 348 1014 421 l‘ro
1039 351 1109 446 τὴν
1136 355 1215 444 Γῆν
1241 348 1330 441 Ety-

268 476 436 570 melogus
461 470 652 546 substituit
675 471 745 567 τὴν
769 466 951 566 Σελήνην,
974 461 1070 543 alios
1089 469 1247 542 tortasse
1267 489 1335 540 au-

268 606 386 670 ctores
411 605 597 691 sequutus,
622 612 696 663 non
720 600 817 662 certe
836 589 1107 679 Philochorum,
1133 591 1197 686 qui
1217 609 1334 685 quum

270 716 479 815 Apollinem
506 710 661 786 eundem
689 731 772 784 esse
792 708 917 783 selem
943 711 1214 806 pronunciaret,
1239 708 1334 780 nihil

268 836 369 911 aliud
392 838 476 931 egit,
501 853 612 932 quam
634 843 676 905 ut
690 829 876 929 Apollinis
889 829 1065 934 πατρῴου
1079 831 1220 904 oulmm
1233 830 1333 923 genti

267 980 356 1034 suae
404 955 594 1055 publicum
635 949 683 1026 ad
723 949 870 1040 Solem,
921 949 1075 1025 deorum
1114 951 1332 1048 principem,

266 1075 483 1150 transferret
518 1095 636 1171 eoque
666 1072 909 1146 Athenienses
935 1071 1033 1145 Sul‘m
1068 1083 1152 1145 satu
1178 1069 1328 1144 Terrae-

269 1220 339 1296 que
380 1208 557 1293 conceptu
597 1192 717 1268 editos
756 1191 1036 1267 demonstraret.
1098 1191 1162 1266 stc
1193 1181 1337 1264 Aneod.

268 1317 382 1390 Bekk.
421 1340 457 1414 p.
490 1316 574 1389 29².
618 1318 654 1393 ei
685 1324 826 1413 πρῶτοι
854 1314 1065 1410 Ἀθηναίων
1096 1305 1326 1419 γεγειῂμένοι

266 1437 397 1540 γονέας
430 1440 548 1535 ᾤοντο
582 1436 677 1513 εἶναι
702 1444 775 1539 γῆν
800 1435 864 1510 καὶ
888 1434 1009 1530 ἥλιον·
1035 1436 1056 1510 ὁ
1082 1434 1125 1511 δὲ
1146 1431 1329 1511 Ἀπόλλων

266 1559 364 1654 ἥλιος
398 1558 491 1634 εἶναι
517 1555 686 1653 δοκεῖ[“]
713 1555 778 1631 καὶ
800 1556 866 1632 ded
890 1565 1002 1633 τοῦτο
1028 1552 1183 1652 πάτριος
1203 1552 1328 1631 ’Λπόλ-

268 1690 343 1756 λων
369 1678 451 1776 (leg.
478 1685 649 1776 πατρῷος
670 1675 906 1772 Ἀθηναίων).
959 1675 1078 1749 schol.
1111 1673 1263 1750 Aristid.
1289 1698 1326 1771 p.

269 1797 326 1871 14.
361 1807 532 1896 πατρῷος
561 1794 745 1873 Ἀπόλλων
770 1797 790 1873 ὅ
817 1804 895 1873 τῶν
917 1798 1088 1892 Ἀθηνῶν
1114 1797 1325 1899 ἅρχτῃνέτης,

266 1920 323 1994 ὅτι
349 1926 499 2017 πρῶτον
524 1917 627 1995 stote
649 1917 719 1994 τὸν
742 1917 846 2014 ἥλιον
871 1917 922 2002 ὥς
942 1916 1224 2014 αὕτόχθοπςΓ]
1250 1916 1327 2013 qui·

264 2038 334 2120 bus
360 2038 519 2109 concinit
544 2037 664 2109 Schol.
689 2038 731 2108 in
750 2035 843 2110 Plat.
863 2036 1023 2131 Euthyd.
1044 2062 1081 2137 p.
1101 2038 1162 2111 98.
1186 2037 1327 2109 Ruhnk.

264 2179 332 2228 nec
356 2154 560 2251 refragatur
585 2152 713 2229 Cicem
739 2157 829 2256 Rep.
856 2153 918 2230 lll.
948 2157 1004 2230 14.
1030 2157 1117 2233 243.
1169 2157 1327 2232 Arcades

265 2288 303 2349 et
335 2275 578 2350 Athenienses
612 2290 831 2375 tanquam
866 2279 948 2351 hos
982 2303 1034 2352 ex
1060 2281 1193 2354 arvis.
1215 2300 1323 2350 mus-

265 2398 396 2472 culos
436 2399 603 2471 extitisse
634 2397 814 2488 referens3
855 2399 1038 2473 Lucienus
1071 2399 1234 2498 Philops.
1261 2397 1322 2471 lll.

265 2516 351 2593 251.
385 2517 427 2592 Τ.
461 2517 540 2591 Vll.
572 2517 695 2591 dicere
728 2519 859 2593 maluit
891 2517 1064 2618 καθάπερ
1097 2522 1145 2598 τὰ
1172 2520 1326 2619 λάχανα,

123 2731 125 2738 χ
264 2637 364 2736 quod
397 2637 444 2711 de
476 2639 606 2738 primis
630 2639 823 2714 hominum
847 2642 1047 2736 generatim
1073 2638 1170 2714 dixit
1193 2642 1327 2739 Empe·

265 2757 389 2831 docles
410 2782 432 2831 e
453 2770 581 2833 terra
604 2768 741 2834 natos
764 2783 867 2834 esse
889 2772 940 2834 ut
960 2761 1136 2835 blitum.
1151 2785 1188 2838 v.
1208 2761 1326 2836 Stura.
1375 2855 1376 2860 Ἰ

264 2903 300 2977 p.
326 2878 413 2952 436.
452 2877 562 2969 Quod
586 2877 635 2954 ed
661 2880 849 2977 Exegstici
873 2893 1060 2956 auctorem
1087 2883 1239 2971 attinet,
1263 2883 1327 2980 qui

264 2998 516 3097 Tritopatrum
547 3003 699 3075 nomine
731 2998 968 3122 centimanus
1001 3001 1179 3076 declarari
1211 3000 1327 3077 credi·
1373 3029 1375 3144 p

334 3205 390 3274 [¹¹¹]
414 3206 472 3259 llas
502 3205 704 3275 antiquariorum
735 3207 940 3262 inventiunculas
964 3208 1098 3280 operosius
1122 3223 1197 3276 quesn
1222 3214 1324 3276 oporte-
1373 3197 1374 3236 ³

265 3277 310 3327 bet
335 3281 444 3327 exornet
466 3275 603 3328 Plstuerus
628 3276 655 3329 in
672 3276 788 3346 Symhol.
806 3276 841 3331 ad
858 3277 905 3330 Jus
922 3279 976 3332 Ait.
993 3296 1018 3349 p.
1036 3278 1079 3331 88.
1097 3277 1131 3331 de
1147 3277 1209 3330 Sole
1227 3275 1323 3347 Apolli·

228 3406 233 3412 ,
264 3346 320 3398 truci
341 3345 397 3398 site
418 3345 538 3414 Apolline
561 3347 642 3400 solari
666 3347 747 3401 multu
772 3349 913 3417 symbolice
929 3351 1062 3420 prolatus,
1087 3349 1180 3419 quibus
1197 3346 1323 3402 Pausouis

264 3414 389 3469 correctio
407 3414 567 3481 adhibenda3
585 3420 610 3475 ci
626 3421 695 3487 γοῦν
710 3437 750 3478 τις
767 3416 835 3472 αὐτὰ
853 3423 977 3492 στρέψει,
1003 3415 1138 3491 ὀρθότατα
1155 3420 1220 3489 ἔχει.

334 3503 374 3572 [⁰]
393 3503 495 3557 Statius
512 3504 598 3557 Theb.
616 3504 677 3557 xil.
696 3503 755 3557 tto.
773 3506 889 3560 Athenas
906 3507 1023 3560 celebrat

365 3572 512 3643 conteges
529 3575 759 3645 hominemque
776 3592 893 3632 novum
908 3578 1027 3646 ritusque
1044 3592 1173 3631 semorum

366 3644 512 3715 seminaque
529 3645 556 3697 in
573 3663 668 3699 vacuas
686 3647 746 3699 hinc
763 3647 944 3701 descendentia
960 3653 1053 3700 terras.
1165 3653 1168 3660 ’
1371 3703 1372 3708 ,

265 3710 439 3785 Πρωτόγονοι
463 3723 587 3769 vocentur
610 3717 781 3771 Athenienses
803 3718 831 3771 iu
854 3718 942 3772 Schol.
960 3718 1027 3772 Rae·
1044 3717 1079 3769 ud
1095 3715 1176 3769 Arist.
1193 3714 1261 3783 qu.
1279 3710 1320 3767 42

264 3801 320 3836 cum
344 3786 398 3839 sole
419 3786 476 3855 ipso
499 3787 556 3840 nati
574 3786 696 3841 Meuand.
722 3787 755 3842 de
778 3789 884 3842 Encorn.
907 3788 943 3841 Π.
961 3786 985 3840 8.
1004 3805 1028 3858 p.
1047 3786 1090 3841 81.
1115 3785 1161 3840 ubi
1178 3784 1214 3837 nil
1231 3785 1320 3837 utinm

265 3856 385 3907 Heerenii
401 3856 531 3910 acumines
549 3875 661 3911 omnes
677 3858 762 3912 illas
779 3859 997 3929 antiquorum
1014 3856 1182 3911 homiuum
1193 3855 1321 3925 glorie·

263 3925 394 3991 tiones,
421 3944 516 3996 quum
534 3946 568 3980 se
586 3930 642 3982 vel
659 3930 734 3983 sole
750 3930 904 3986 vellune
921 3928 1143 3998 antiquiores
1160 3926 1320 3980 dicerent

264 3995 302 4046 ad
321 3996 423 4049 solam
442 3998 551 4066 prisci
569 4001 734 4053 sermonis
751 4002 898 4055 indolem
916 4000 1118 4054 referendas
1136 4015 1219 4050 esse.

1372 3473 1374 3510 l

1372 3517 1373 3550 l
