2800 4759
459 225 728 283 0nru1ca.
1048 213 1123 285 763

66 377 140 467 dit,
172 400 248 452 non
273 377 366 453 adeo
393 402 416 451 a
443 382 570 453 ceteris
597 378 788 480 discrepat.
821 381 916 456 Nam
943 379 1125 460 Centima-
1178 461 1180 464 ,

65 502 105 573 ui
142 499 327 580 Titanum,
348 501 591 599 antiquissimi
616 501 780 594 fuerunt;
814 503 964 578 Titanes
989 495 1125 596 auum,

65 622 153 716 quia
178 632 265 719 post
289 622 475 698 naturales
501 621 602 711 deos,
630 618 791 697 Coelnm'
804 636 842 696 et
861 624 1025 714 Terram,
1050 628 1125 722 pri-

64 742 116 813 mi
144 744 297 816 extitere
323 742 454 839 quibus
479 745 631 818 uomina
657 746 809 842 propria
835 757 873 818 et
898 748 993 819 actio
1017 768 1125 842 quae·

61 860 150 934 darn
191 865 290 936 vitae
323 849 559 951 tribueretur,
581 866 827 938 'animantum
862 868 1028 940 omnium
1060 887 1126 963 pa·

60 994 185 1053 rentes
218 982 333 1055 habiti
367 996 469 1071 sunt,
505 983 816 1080 quemadmodum
849 989 888 1059 iu
925 986 1124 1060 Homerico

60 1101 202 1193 hymno
230 1101 365 1176 dicitur
390 1106 428 1176 in
455 1103 577 1201 Apoll.
605 1103 689 1176 335.

149 1272 277 1353 Τιτῆνές
298 1297 329 1335 τε
351 1274 420 1336 θεοὶ
443 1278 504 1335 τῶν
526 1271 559 1349 ’ἐξ
581 1271 689 1357 ἄνδρες
711 1298 741 1336 τε
764 1276 836 1338 θεοί
855 1300 885 1338 τε

61 1422 101 1480 et
128 1412 165 1481 in
192 1410 353 1508 Orphica
381 1409 553 1483 XXXVI.

150 1568 278 1647 Τιτῆνες
300 1601 340 1611 -
362 1561 515 1651 ἡμετέρων
536 1560 680 1649 πρόγονοι
702 1563 841 1649 πατέρων
891 1604 903 1613 -

69 1711 72 1715 -
148 1664 239 1750 ἀρχαὶ
262 1669 311 1729 καὶ
333 1669 426 1751 πηγαὶ
449 1664 573 1731 πάντων
594 1672 721 1750 θνητῶν
744 1663 963 1749 πολυμόχθων.

61 1819 211 1893 Deinde
237 1818 475 1895 centimanus
500 1825 603 1919 ipsos
628 1820 777 1893 fuerunt
801 1823 864 1917 qui
891 1832 1020 1896 ventos
1047 1843 1128 1895 esse
1163 1903 1167 1916 Ι

62 1940 238 2015 dicerent.
267 1964 302 2014 v.
329 1941 450 2014 Schol.
477 1942 566 2016 Hes.
587 1941 722 2036 Theog.
747 1942 830 2015 139.
855 1942 898 2013 In
923 1942 993 2015 hoc
1018 1945 1128 2036 igitur

62 2084 194 2136 omues
219 2065 470 2151 consentiunt,
497 2063 727 2163 Tritopatres
739 2064 882 2158 generis
896 2063 1048 2135 humani
1064 2084 1129 2136 au·

63 2195 185 2256 ctores
201 2204 292 2272 esse,
319 2186 399 2258 sive
412 2181 502 2259 deos
518 2187 598 2260 sive
614 2186 784 2257 homiues
799 2207 822 2256 a
837 2182 894 2255 dis
909 2179 1131 2278 genitalibus
1193 2240 1195 2245 .

63 2306 175 2375 tertio
194 2303 327 2399 ‘gradu
358 2314 484 2407 ortos;¹
519 2304 618 2378 unde
650 2310 763 2392 etiarn
796 2304 965 2376 nonnulli
994 2323 1149 2374 nomen·

64 2444 194 2496 eorum
221 2424 411 2498 derivasse
437 2423 628 2517 videntum
654 2428 719 2499 alii
744 2425 901 2497 fortasse
927 2446 949 2495 a
974 2443 1129 2504 numero
1231 2419 1236 2426 “

63 2563 134 2615 suo
160 2552 314 2636 vocatos
339 2554 528 2641 putarunt,
554 2557 620 2619 aut
645 2552 754 2649 (quae
780 2545 1054 2642 simplicissima
1073 2563 1130 2614 ra-

65 2662 137 2758 tio.)
164 2666 252 2762 quia
276 2662 529 2766 τριτοπάτωρ,
556 2667 704 2743 Polluce
729 2679 842 2756 teste,
874 2685 1057 2764 proavrun
1082 2663 1130 2734 si-

64 2785 214 2877 gnificat
253 2787 361 2883 (sicut
402 2798 596 2894 quartus
636 2801 768 2887 pater
810 2785 970 2861 abavum
1003 2780 1147 2876 virgil·
1271 2764 1281 2785 ‘

65 2903 157 2977 Aen.
194 2905 240 2979 Χ.
267 2905 369 3004 619.)
395 2910 529 3004 proavi
554 2920 679 2982 autem
705 2911 744 2981 in
770 2908 952 3002 majorum
977 2921 1131 2976 numero
1217 2991 1220 2997 ι

67 3026 315 3122 principatum
350 3028 536 3118 obtinent,
570 3029 668 3105 unde
701 3032 761 3117 fit,
793 3039 834 3099 ut
869 3035 992 3123 pater,
1027 3043 1131 3110 avua,

68 3135 232 3241 proavus
271 3150 421 3244 proprie
460 3158 581 3254 γονεῖς
612 3151 783 3226 dieantur
816 3159 854 3220 et
884 3144 999 3219 iidem
1032 3140 1132 3241 apud
1181 3168 1183 3173 ·
1304 3227 1311 3242 .

67 3266 255 3339 Romanos
280 3270 451 3344 universe
475 3283 716 3367 parentes3
749 3268 951 3367 eademque
976 3264 1023 3337 de
1049 3286 1132 3337 cau-

69 3407 112 3459 sa
142 3385 383 3461 Athenienses
415 3392 563 3485 ingenui
595 3391 796 3490 quamlibet
828 3388 964 3466 veteris
998 3397 1036 3457 et
1066 3404 1133 3454 nu-

69 3528 236 3581 merosae
260 3511 468 3608 prosapiae,
495 3523 620 3586 tamen
644 3513 750 3589 haud
771 3514 897 3613 plures
923 3528 1035 3605 quarn
1059 3516 1133 3577 tres

71 3625 260 3721 indigenas
293 3631 452 3726 majores
487 3634 581 3706 ciere
614 3636 799 3724 solebant,
832 3633 924 3707 satis
956 3626 1147 3701 habentes·

72 3748 105 3818 si
151 3751 190 3823 ἐκ
228 3750 416 3853 τριγονίας
460 3756 666 3850 Ἀθηναῖοι.
692 3754 905 3828 viderentur
920 3753 989 3848 [⁰⁰].
1058 3742 1132 3819 Sed

145 3949 195 4018 [⁰⁰]
213 3950 289 4019 Apud
311 3953 403 4017 ludos,
428 3960 456 4006 ut
478 3955 653 4009 Philostratus
676 3959 766 4007 narrat
783 3954 815 4004 V.
833 3953 918 4022 Apoll.
936 3951 971 4003 11.
989 3948 1030 4002 30.
1048 3966 1073 4017 p.
1091 3947 1134 3999 80.

74 4019 97 4070 ti
122 4019 166 4087 qni
183 4019 369 4092 philosophiam
387 4025 502 4093 profiteri
520 4026 624 4090 volunt,
649 4027 756 4095 primum
774 4030 894 4094 parentas
912 4037 998 4074 eornm
1016 4019 1061 4088 qui
1077 4017 1133 4070 iue-
