2800 4759
272 219 347 295 316
588 235 733 290 crana
757 234 1015 291 sncnnoos.

272 415 381 475 unna
420 381 618 491 crebisque
655 392 847 488 utriusque
885 392 1002 486 gentis
1044 395 1262 466 commercia
1299 406 1332 467 et
1377 375 1381 474 ἓ

271 523 382 596 unius
408 515 726 613 vaniloquentiam
751 511 974 608 respexerit,
1008 512 1158 586 alterius
1184 512 1331 587 meduli-
1375 513 1380 566 t

269 640 411 715 tuem?
464 635 539 710 Sed
565 633 697 708 eodem
728 645 939 728 temporum
966 643 1083 706 tractu
1118 635 1232 710 etiam
1257 631 1332 708 Mn-

269 764 364 851 saei,
389 757 587 852 Eumolpi,
621 753 763 851 Orphei
788 753 953 826 carmina
977 754 1135 847 mystica
1160 766 1272 852 atque
1294 756 1332 827 il·
1378 817 1381 834 .

111 867 114 874 ¹
208 929 214 951 .
267 882 352 970 lud,
380 880 440 953 eni
464 873 654 970 Minyadis
678 894 833 961 nomen,
859 873 899 945 io
924 871 1090 946 medium
1116 877 1331 972 processisse

266 1025 344 1076 non
378 1008 526 1099 practer
558 997 740 1069 renonem
780 991 958 1088 creditum
996 992 1128 1089 quibus
1168 996 1330 1068 omnihus

267 1146 389 1199 novae
415 1120 462 1193 de
487 1118 617 1192 inferis
642 1112 794 1187 iablrlae
819 1117 989 1212 sparsae,
1013 1114 1144 1211 iisque,
1171 1116 1238 1213 qui
1250 1114 1331 1187 den-
1374 1111 1380 1188 ἵ

266 1267 351 1320 mm
375 1262 480 1337 sacra
504 1236 651 1311 decreta
676 1235 944 1333 percepissent,
969 1255 1054 1333 spes
1081 1236 1257 1310 beatioris
1280 1237 1329 1311 vi·
1374 1219 1379 1274 ²

267 1377 329 1438 tae
354 1375 392 1435 et
405 1360 557 1454 Elysiae
583 1355 690 1431 sedes
714 1356 924 1454 promissae
949 1368 1037 1429 sunt
1061 1368 1099 1430 et
1117 1379 1228 1455 pares
1252 1378 1328 1429 oon·
1373 1285 1379 1416 Ι

168 1483 172 1491 ’
230 1482 485 1558 ,temtoribus
507 1501 663 1577 poenae.
716 1474 840 1565 Quint
877 1476 1159 1560 Atheniensium
1186 1476 1328 1572 legibus,

266 1603 399 1703 quibus
426 1601 667 1675 constitutum
693 1608 736 1670 ut
761 1595 910 1671 caedem
926 1598 991 1695 qui
1010 1598 1183 1686 iecissent
1210 1596 1258 1671 ad
1272 1621 1326 1668 re
1374 1581 1377 1674 l

265 1747 348 1823 gem
374 1744 563 1798 sacrorum
589 1718 839 1824 deterremur,
865 1717 1026 1791 absoluti
1042 1709 1187 1814 judicio
1205 1718 1326 1792 solem·
1374 1719 1378 1804 l

264 1849 361 1921 niter
384 1844 684 1943 purificarentur,
715 1850 884 1929 auctore,
919 1851 961 1912 nt
984 1837 1119 1930 fartrrr,
1151 1841 1325 1926 Dracone,

263 1990 388 2040 nonne
413 1937 568 2038 deornm
593 1960 761 2034 manium
784 1959 914 2055 religio
941 1961 1082 2033 sancita
1106 1961 1189 2033 esti
1228 1981 1321 2059 mam
1372 1973 1375 2064 j

166 2138 171 2148 ·
265 2074 497 2161 confirmavit
529 2081 646 2154 Solon
677 2087 776 2181 τρεῖς
807 2080 922 2166 θεοὺς
960 2080 1124 2181 ὀμνύναι
1162 2079 1322 2168 κελεύων,

231 2205 234 2210 ’
260 2209 429 2295 Ἱκέσιον,
455 2199 700 2302 Kaesones,
729 2198 1005 2304 Ἐξακεστήριον
1030 2201 1122 2275 Poll.
1148 2201 1248 2277 vlu.
1271 2199 1323 2273 42

211 2369 215 2376 =
263 2328 438 2400 nimirum
463 2325 504 2397 in
535 2322 656 2409 δίκαις
682 2330 854 2424 φονικαῖς
864 2324 923 2420 [²]
974 2320 1102 2420 Neque
1135 2324 1222 2397 aliis
1252 2321 1324 2395 stul·
1370 2417 1373 2428 Ι

264 2446 448 2521 dementis
482 2444 639 2518 excitata
660 2453 759 2517 sunt
788 2442 1072 2541 psychomantia
1104 2454 1142 2517 et
1166 2445 1324 2517 manium
1369 2449 1374 2556 j

265 2568 520 2655 evocationes,
556 2587 715 2663 quornm
745 2564 926 2636 memoria
958 2586 1043 2637 cnm
1066 2564 1180 2640 rebus
1207 2562 1323 2637 Archi·
1371 2575 1375 2664 3

209 2705 230 2749 ο
262 2687 378 2776 lechi,
404 2684 599 2758 Periandri
625 2697 662 2759 et
687 2684 895 2756 Pausaniae
921 2685 1131 2780 conjuncta,
1166 2685 1324 2761 Homero

262 2807 444 2904 recentior
469 2820 542 2897 est,
580 2807 683 2901 cujus
717 2804 890 2902 aequales
921 2807 956 2879 si
980 2828 1090 2904 quem
1114 2805 1218 2880 illius
1244 2804 1324 2878 artis
1375 2887 1376 2890 Ἴ

262 2949 371 3001 saum
396 2926 631 3015 habuissent,
664 2948 741 2998 non
767 2947 862 3023 opus
888 2936 968 3002 erat
994 2924 1140 3002 Ulixem
1166 2927 1217 3002 ad
1240 2923 1324 3024 irue-
1369 2979 1376 3032 3,

262 3071 324 3121 ros
350 3045 493 3121 deduci.
532 3049 658 3122 Brevi
681 3046 882 3122 intervallo
908 3057 1085 3145 sequutus
1112 3059 1169 3121 est
1194 3045 1323 3142 Pytha-
1373 3107 1374 3114 ,

175 3247 180 3260 ,
262 3190 388 3263 goras,
412 3180 653 3265 portentosae
677 3168 883 3265 sapientiae
907 3178 1053 3257 auctor,
1080 3179 1117 3240 et
1136 3168 1234 3241 illud
1247 3163 1323 3241 suh
1371 3243 1375 3256 ,

262 3288 433 3362 lucanum
460 3300 624 3389 tempus,
649 3309 723 3386 quo
749 3297 885 3385 poetae
909 3289 1185 3387 philosophari,
1211 3287 1324 3387 philo·
1374 3295 1375 3352 l

260 3409 371 3507 sophi
395 3411 541 3507 poetari
566 3415 776 3508 coeperunt.

363 3529 435 3602 His
474 3534 586 3627 igitur
619 3542 778 3633 quatuor
810 3530 963 3620 seculis,
997 3553 1108 3628 quae*
1123 3530 1323 3605 Homerum

262 3652 357 3723 inter
391 3662 429 3724 et
461 3650 560 3725 bella
583 3651 731 3725 Persica
755 3650 1056 3742 interfluxerunt,
1081 3654 1250 3726 maxima
1271 3668 1321 3720 re
1372 3685 1381 3750 3,

335 3835 371 3904 [²]
391 3837 431 3889 hu
457 3839 523 3892 alias
549 3854 641 3890 causas
666 3838 735 3891 haud
758 3839 835 3892 dubie
852 3839 980 3908 pertinet,
1004 3840 1074 3909 qnod
1090 3840 1178 3894 Draco
1201 3837 1243 3892 vel
1256 3831 1318 3903 juli
1369 3771 1373 3856 ³

263 3923 307 3959 ces
331 3907 373 3957 vel
397 3907 543 3976 litigatores
566 3925 614 3978 per
631 3910 739 3974 lovem,
764 3909 915 3980 Neptunum
932 3913 961 3963 et
977 3910 1121 3964 Minervam
1136 3912 1226 3981 jurare
1240 3902 1317 3974 jussit

263 3995 288 4028 v.
313 3976 411 4046 Spanh.
435 3979 470 4032 ad
493 3979 581 4033 Nnbb.
600 3977 676 4034 1224.
692 3980 801 4034 l’latner
818 3980 865 4034 der
881 3980 992 4036 Process
1009 3999 1037 4037 u.
1055 3982 1099 4036 die
1116 3982 1219 4051 Klegen
1236 3975 1270 4031 Τ.
1286 3970 1317 4024 ll·

264 4048 351 4101 Praei.
924 4089 926 4098 .

1295 4252 1302 4264 ·
