2800 4759
232 247 356 324 ,320
423 321 425 324 ,
522 263 531 280 ⁸
597 251 1024 318 uronnsncuuuus.

279 424 415 500 mentis
447 432 486 495 et
518 379 623 519 quasi
655 423 871 496 maturitate
896 421 1065 515 cognosci
1090 430 1234 519 potest,
1260 431 1344 516 quot
1378 385 1379 404 ἵ

279 545 412 621 naulis
446 552 546 615 retro
579 552 669 613 nata
701 544 771 632 sit,
804 541 883 630 bis,
916 542 979 639 qui
1010 541 1104 614 banc
1129 542 1210 616 sive
1234 549 1344 613 artem

139 765 141 768 ι
278 671 359 742 sive
384 663 574 737 scientiam
599 662 682 737 sive
699 661 976 737 ’divinationem
1002 662 1241 760 profitentu,
1267 682 1344 734 con·

278 783 483 884 cedendum
515 781 692 870 arbitror,
731 792 776 854 ut
801 773 984 880 Orphicao
1015 782 1163 855 fabulae
1195 781 1343 871 natales,
1377 803 1380 884 ζ

277 908 619 1006 hippognomonum
657 923 782 992 more,
823 911 1050 999 computent
1109 899 1187 975 Sed
1218 902 1252 975 si
1284 923 1345 973 nec
1379 961 1380 974 ,

278 1029 351 1102 fuit
375 1028 589 1125 quisquam,
613 1045 682 1122 nec
708 1036 783 1112 est,
808 1045 876 1096 nec
902 1024 991 1112 erit,
1017 1024 1091 1121 qui·
1106 1013 1352 1094 humanarum

278 1150 497 1248 opinionum
533 1154 672 1218 aetates
705 1143 874 1240 exploret
906 1155 944 1216 et
975 1140 1345 1241 intervalladispun·

278 1280 357 1365 gat,
392 1279 474 1341 tota
504 1266 579 1337 ista
604 1265 835 1364 computatio
857 1264 983 1359 jaceat
1008 1279 1158 1336 necesse
1175 1272 1251 1335 ¹osu„
1300 1262 1345 1334 Et
1379 1329 1381 1380 4

173 1485 176 1492 .
277 1388 346 1461 illa
378 1388 463 1484 ipsa
495 1385 713 1478 Lyricorum
747 1384 962 1457 testimonia
987 1403 1038 1455 ex
1063 1381 1228 1457 Fabricii
1252 1403 1345 1485 penu
1380 1389 1381 1416 ³

279 1507 495 1605 depromta,
522 1503 612 1602 quid
638 1502 790 1577 tandem
803 1569 805 1572 .
818 1502 1001 1578 ellioiuutl
1033 1504 1203 1577 Primum
1226 1501 1345 1576 videa·

278 1649 362 1706 mus
397 1625 445 1698 de
477 1624 704 1723 Terpandro.
769 1624 973 1698 Phanoclos
1006 1621 1151 1698 dulcem
1183 1621 1344 1695 tabulam

278 1749 407 1850 nexuit
432 1746 569 1850 (Anall.
597 1746 639 1820 Τ.
651 1746 682 1818 Ἰ.
709 1744 864 1842 pers.)
892 1743 1032 1842 Orphei
1059 1767 1083 1817 a
1107 1742 1344 1818 Maenadibus

225 1888 232 1906 ²
278 1866 455 1966 discerpti
495 1878 606 1964 caput
644 1866 840 1963 lyramque
881 1862 1062 1938 decidisse
1096 1867 1137 1938 in
1169 1864 1344 1951 Hebrum,

279 2000 456 2084 aestuque
481 1989 617 2076 maris,
643 2009 726 2059 uec
749 1988 852 2060 siue
878 1985 973 2076 dis,
999 1984 1162 2059 Lesbum
1181 1983 1344 2058 *delatam

247 2129 378 2196 esse,
418 2106 483 2179 ubi
515 2106 648 2179 Pittaci
687 2118 810 2179 aetate
843 2105 965 2179 adbuc
996 2116 1187 2182 asservata
1222 2104 1343 2177 dicitur

205 2219 211 2230 '
278 2226 439 2300 Luciam
462 2224 560 2314 Adv.
593 2226 733 2299 Indoct.
768 2225 851 2299 XII.
880 2226 940 2302 14.
965 2225 1007 2299 Τ.
1034 2223 1274 2314 virosam
1297 2224 1344 2297 ia-

278 2326 416 2437 bulam,
444 2369 593 2445 quoquo
615 2349 769 2424 auctore
793 2348 997 2443 vulgatam,
1022 2347 1261 2421 manifestum
1284 2356 1344 2434 ost,

118 2545 119 2548 t
277 2490 354 2541 non
379 2469 483 2566 prius
508 2471 610 2543 nasci
635 2469 820 2565 potuisse,
848 2491 959 2567 quam
984 2469 1106 2541 insula
1131 2471 1217 2568 ipsa
1241 2468 1345 2542 musi·
1382 2507 1383 2510 κ

278 2610 405 2664 corum
438 2587 571 2661 studiis
604 2589 789 2661 inclaruit
846 2589 954 2663 Alius
986 2590 1131 2689 (utique
1156 2612 1236 2663 non
1261 2590 1345 2663 Pha·
1382 2637 1383 2658 r

277 2707 417 2803 nocles)
444 2706 585 2808 Orpbei
600 2710 733 2804 ¹lyram
759 2712 799 2783 in
815 2707 1022 2809 'l'erpaudri
1048 2733 1181 2783 manus
1205 2712 1345 2786 venisse

277 2831 393 2920 linxit,
419 2852 468 2902 no
492 2829 563 2902 boc
588 2830 740 2928 quidem
764 2834 902 2930 inepte,
928 2833 961 2904 si
986 2854 1056 2931 pro
1082 2837 1196 2930 poeta
1222 2832 1344 2930 loquu-

278 2962 338 3024 tus
371 2962 444 3040 est3
476 2949 543 3022 sed
575 2951 670 3024 illud
695 2951 985 3050 perabsurdum,
1013 2952 1112 3051 quod
1136 2945 1345 3028 Nicomachi

277 3081 403 3146 narrat
434 3092 543 3144 musa
574 3071 775 3169 pedestris:
807 3072 1065 3172 Terpsudrum
1095 3073 1219 3167 lyram
1245 3075 1345 3147 illam

278 3213 405 3265 secum
438 3193 478 3263 in
510 3191 723 3289 Aegyptum
739 3194 925 3302 ¹attulisse
962 3196 1027 3271 aul
1050 3195 1243 3281 ’ἐπιδεῖξαι
1274 3202 1346 3279 τοῖς

278 3315 440 3412 ἱερεῦσιν
466 3311 517 3397 ὥς
541 3318 809 3417 apo-leopatus
824 3314 1028 3420 γενόμενον
1042 3314 1174 3389 Harm.
1200 3316 1344 3392 Elencb.

172 3452 184 3471 “
276 3432 318 3507 L.
345 3433 392 3507 Π.
418 3455 454 3530 p.
481 3432 542 3506 29.
567 3432 679 3507 Meib.
711 3436 811 3510 Hinc
838 3460 927 3513 vero
953 3438 1007 3510 sic
1032 3449 1344 3533 argumentantur:

278 3550 448 3628 Credidit
494 3553 693 3652 aliquando
734 3558 870 3656 aliquis
911 3557 1168 3656 Terpandrum
1208 3556 1343 3657 Orpbei

277 3673 451 3761 barbiton
481 3676 724 3773 septingentis
757 3681 863 3752 annis
894 3690 982 3752 aute
1015 3681 1247 3778 compactam
1281 3680 1344 3751 cir·

279 3809 523 3891 cumgestasse
548 3798 654 3874 velut
678 3821 820 3875 novum
844 3802 1038 3876 inventum
1061 3813 1103 3874 'et
1128 3824 1252 3891 suum;
1278 3799 1345 3871 boc

278 3921 342 4019 qui
367 3919 497 3992 fecisse
522 3920 570 3993 ab
597 3921 721 4018 aliquo
749 3919 909 3995 creditus
926 3934 993 4011 est,
1020 3920 1210 4020 Orpheum
1222 3922 1344 4018 ipsum

273 4045 426 4121 'noverit
461 4062 611 4114 necesse
648 4053 722 4130 est3
763 4044 866 4140 atqui
902 4041 1091 4142 Orpheum
1131 4043 1195 4140 qui
1229 4039 1343 4122 novit,
