2800 4759
289 208 361 284 146
536 246 538 249 ·
639 190 783 295 mnan
807 214 999 271 rnruus.

389 382 518 476 ltaque
541 380 574 450 si
601 399 731 449 omnes
757 375 954 471 adytomm
974 373 1135 448 latebras
1157 373 1353 471 perlustra-

290 503 406 590 veris,
438 500 493 571 nil
523 508 671 597 praeter
703 509 805 571 actus
833 496 1056 601 ,sacrificales
1089 506 1127 566 et
1151 492 1355 566 fabularum

290 627 463 718 figmenta
489 630 526 691 et
550 641 662 716 super
687 619 746 691 his
771 619 965 699 hominum
993 617 1250 714 opiniosorum
1277 635 1356 684 con-

289 746 446 840 jecturas
472 741 597 813 varias
622 758 808 836 vagasque
830 762 900 836 puo
927 738 1101 833 cujusque
1131 735 1279 829 ingenio
1305 756 1355 804 re·

229 852 231 855 ¹
289 867 421 964 peries.
481 857 579 950 Quin
612 872 785 957 apparet,
815 880 892 930 non
916 858 1085 953 potuisse
1109 857 1289 949 mysteria
1313 852 1357 926 ad

175 1010 178 1015 ·
290 998 431 1060 tautam
463 981 747 1055 diutumitatem
780 1001 1014 1078 permanere,
1057 977 1091 1049 si
1126 996 1201 1074 qua
1231 974 1358 1047 luisset

288 1107 446 1178 initiatis
469 1104 665 1202 perspicue
688 1099 827 1174 marita
849 1098 1066 1196 disciplina,
1091 1119 1202 1195 quam
1227 1095 1359 1168 mutari

289 1220 469 1299 vetuisset
500 1190 748 1294 consciorum*
762 1220 911 1314 religio,
944 1222 1179 1291 imnmtatam
1210 1226 1382 1314 quotan»

215 1387 217 1391 ν
291 1347 349 1416 nis
373 1341 504 1415 referri
527 1362 604 1413 non
629 1342 776 1435 tulisset
799 1352 1005 1413 ceterarum
1029 1348 1153 1412 rerum
1186 1358 1360 1427 conversa

290 1465 400 1537 ratio.
458 1459 559 1550 Quid
582 1462 710 1550 enim,
744 1481 899 1559 quaeso,
935 1480 1066 1532 eorum
1098 1480 1193 1558 quae
1217 1470 1359 1533 veteres

291 1584 347 1656 illi
372 1582 570 1680 Eumolpi,
604 1583 637 1653 si
668 1582 811 1680 placet,
844 1578 1034 1653 auditores
1066 1579 1170 1671 rudi⁴
1186 1578 1359 1675 sisnpliei-

153 1785 157 1800 ·
291 1715 368 1777 tate
393 1701 638 1806 crediderunt,
663 1700 901 1799 politioribus
925 1701 1082 1797 ingeniis
1107 1711 1145 1772 et
1165 1700 1244 1794 jorn
1258 1697 1362 1772 adul·

290 1837 352 1898 tae
378 1823 556 1898 Graeciae
587 1826 679 1895 satis
704 1822 825 1895 facere
849 1823 999 1919 potuiti
1032 1821 1085 1896 As
1108 1822 1197 1917 quie
1221 1830 1382 1916 specta-¹

292 1945 416 2017 culum
440 1946 638 2038 mysticum
663 1962 787 2016 rerum
812 1940 1024 2014 divinarum
1047 1940 1270 2014 adumbrata
1288 1961 1362 2012 non

292 2085 472 2162 expressa
495 2067 600 2156 signa
622 2061 821 2133 exhibebat
842 2071 881 2133 et
900 2075 978 2135 eret
994 2061 1042 2133 de
1058 2061 1116 2134 ils
1130 2061 1248 2133 libera
1262 2057 1362 2158 qnod

291 2183 447 2280 quisquc
478 2181 593 2258 veliet
624 2181 856 2276 conjectandi
888 2185 1015 2280 copie,
1050 2181 1142 2255 haec
1174 2192 1282 2255 muts
1306 2202 1361 2254 se-

233 2341 237 2345 1
293 2322 438 2377 crorum
470 2300 666 2400 disciplina
696 2303 738 2374 in
771 2302 876 2374 nullo
903 2303 977 2375 alio
1003 2296 1162 2398 vestigio
1184 2318 1300 2399 quam
1324 2304 1363 2374 in

291 2424 408 2495 animi
438 2425 592 2496 notione
622 2425 766 2520 posita,
798 2444 917 2520 noque
950 2442 1019 2495 usu
1045 2426 1127 2521 capi
1151 2442 1273 2519 neure
1299 2419 1379 2495 ob·'

275 2542 471 2634 ,solescere
496 2545 631 2642 pomis,
655 2542 724 2616 sed
746 2562 889 2618 novum
909 2542 981 2616 sibi
1000 2536 1159 2616 subinde
1175 2544 1364 2636 ingenium

261 2661 468 2755 induens,
512 2684 587 2735 una
622 2680 705 2736 cumr
736 2663 929 2737 hominum
963 2660 1146 2737 aetatibus
1178 2660 1364 2757 gradatim

40 2820 43 2831 ·
289 2768 469 2873 maturuit
508 2792 546 2854 et
584 2783 792 2856 seculorum
827 2785 924 2857 ultro
957 2779 1122 2881 duoque
1153 2803 1365 2856 commean-

290 2888 384 2976 tium
422 2901 695 2977 vicissimdines
744 2906 828 3001 peri
864 2925 992 2998 gressu
1031 2915 1258 3001 consequuta
1299 2914 1364 2976 est.

189 3084 208 3109 „
284 3018 360 3093 His
399 3025 601 3120 expositis,
642 3018 733 3118 quid
764 3002 952 3115 mysteriis
982 3027 1094 3121 pretii
1124 3021 1366 3119 statuendum

288 3144 357 3228 sit,
391 3140 499 3214 facile
531 3143 764 3241 perspicitur.
823 3140 865 3215 Si
890 3142 940 3217 ad
963 3144 1116 3242 pietatis
1139 3145 1367 3242 virtutisque

289 3261 410 3331 omnis
443 3260 607 3335 studium
639 3261 771 3349 refert,
808 3273 852 3335 ut
875 3262 1046 3338 homines
1070 3262 1281 3360 aliquando·
1298 3265 1367 3338 ali·

288 3380 506 3477 quantulum
532 3382 661 3472 fleant,
686 3393 866 3473 trement,
892 3395 1084 3481 stupeant,
1108 3404 1186 3456 non
1208 3385 1367 3474 infitior,

287 3498 441 3590 multos,
468 3522 560 3598 quos
585 3505 681 3575 ratio
708 3525 785 3576 non
809 3515 937 3603 posset
962 3503 1011 3578 ad
1036 3503 1191 3577 deorum
1216 3516 1367 3576 metum

287 3627 325 3687 ct
343 3621 558 3715 religionem
580 3621 776 3713 adducere,
801 3626 1013 3698 sanificalis
1036 3634 1236 3723 apparatus
1249 3646 1367 3720 pom·

283 3756 336 3832 pa
369 3751 406 3810 et
439 3742 654 3838 splendore,
686 3754 729 3816 ut
761 3742 851 3818 deos
876 3756 1151 3834 revererentur,
1176 3741 1367 3818 adductos

285 3874 376 3927 esse.
426 3859 539 3952 Item,
566 3868 600 3936 si
624 3865 729 3959 nulla
754 3864 880 3937 fabula
905 3877 983 3939 tarn
1008 3868 1136 3964 inepta
1161 3874 1234 3951 est,
1265 3887 1368 3961 quae

283 3996 359 4050 non
384 3978 511 4078 aliquo
535 3987 742 4081 sapientiae
767 3985 852 4058 fuco
879 3987 1082 4061 circumlini
1104 3984 1244 4084 possit,
1276 4008 1369 4058 con-
