2800 4759
450 258 723 313 onrnrcr.
860 245 944 296 V
1046 245 1120 318 773

46 413 168 486 minis
192 415 408 488 sanctitates
426 413 726 508 -etvreiigionesr
772 412 848 486 Sed
878 414 925 487 ab
958 385 1028 489 hoc
1058 441 1117 491 ex-

46 554 164 608 cursu
181 556 308 609 rursus
334 532 383 609 ad
410 533 667 634 Tritopotores
693 555 756 608 me
779 533 946 607 referam.
1085 569 1088 576 ·

521 739 642 839 §.a

36 894 38 898 ’
81 993 84 1000 ¹
148 885 297 967 Etenim
331 916 517 993 unapars
543 892 592 968 ad
618 892 878 999 expiicandrrm
903 882 1046 986 restru‘
1073 893 1120 968 de

44 1015 239 1088 nominum
269 1013 439 1104 illorum,
475 1037 572 1113 quae
606 1013 778 1113 Orpheus
804 1015 1120 1112 ventorum'jani-

44 1133 190 1208 toribus
221 1134 430 1233 imposuit,
455 1136 732 1231 significatione.
793 1133 960 1225 Quorum
985 1138 1018 1209 si
1044 1138 1119 1233 pri-
1210 1220 1213 1227 ,

45 1275 170 1344 mum,
203 1253 439 1344 Amalcidae,
473 1279 497 1330 a
522 1257 680 1357 malacia
705 1256 856 1331 ductum
883 1257 1039 1330 mutuor
1064 1259 1174 1356 (rag
1219 1289 1222 1300 ·

44 1373 168 1448 Voles.
201 1375 251 1448 ad
282 1374 477 1474 Harpoen
491 1402 527 1475 p.
557 1379 656 1472 122.)
692 1378 755 1452 vel
780 1376 937 1451 alterurn
962 1380 1118 1475 scriptu·
1282 1357 1285 1364 ’

44 1516 127 1569 ram
146 1491 594 1597 (Hamaciides)·sequens
612 1510 693 1572 turn
713 1499 790 1572 hoc·
803 1511 884 1571 turn
905 1500 1119 1600 ceterisno-

43 1616 208 1693 minibus
233 1618 461 1715 primivocos
487 1629 526 1691 et
544 1621 787 1718 primigenios
806 1615 988 1716 quosdam
1008 1618 1119 1712 signi-

42 1738 146 1810 ficari
180 1737 404 1833 conjectem,
437 1739 550 1812 nimis
584 1761 695 1837 quarn
726 1759 877 1826 vereor,
902 1759 951 1809 ne
975 1734 1016 1810 id
1032 1737 1118 1834 ,ple-

42 1859 167 1955 risque
198 1859 393 1931 hominum
426 1857 636 1933 obsoletum
668 1871 870 1957 nostroque
903 1856 1026 1930 seculo
1043 1880 1118 1953 pa·
1260 1846 1263 1858 ’

42 1999 128 2051 rom
162 1977 314 2074 dignum
334 1976 527 2054 rideatur.
588 1979 683 2060 Atia,
707 2002 806 2053 nunc
838 1990 896 2051 est
927 1961 1119 2049 literarum

42 2098 178 2188 tanes,
204 2099 279 2172 alia
304 2100 495 2176 locurum
509 2101 645 2198 palata
698 2099 754 2174 Ac
779 2110 945 2174 caeterae
969 2095 1120 2194 quidem

44 2230 166 2309 artes,
211 2220 393 2294 cultorum
428 2222 568 2296 scilicet
599 2221 838 2317 negligentia,
873 2212 994 2293 adhuc
1026 2220 1120 2292 anti-

42 2340 128 2437 quis
167 2340 354 2415 radicibus
393 2342 556 2414 modice·
579 2342 750 2431 haerent3
791 2338 858 2413 sed
891 2339 1121 2433 mythologie

44 2471 127 2533 turn
154 2483 307 2558 semper
339 2462 496 2555 Libyae,
515 2463 707 2535 simillima
732 2460 822 2550 fuit,
849 2467 955 2557 quae·
968 2457 1120 2551 singulis
1181 2471 1204 2562 f

43 2582 153 2654 annis
186 2580 327 2678 aliquid
357 2584 456 2657 novi
480 2584 640 2655 monstri
673 2605 805 2680 parere
830 2579 964 2691 dicitur
989 2598 1134 2672 graeco
1161 2571 1170 2620 ἲ
1206 2661 1208 2668 ‚

44 2699 250 2801 proverbio
272 2701 345 2779 Ἀεί
375 2733 412 2779 τι
443 2703 578 2780 καινὸν
602 2705 681 2780 κατ’
710 2702 884 2781 ἐνιαυτὸν
908 2697 1048 2798 θηρίον
1064 2696 1120 2773 τί-

42 2853 135 2913 κτει,
161 2833 241 2896 tum
266 2834 396 2897 nostra
421 2833 545 2897 aetate
569 2845 634 2896 eos
659 2844 877 2921 progressus
902 2821 1002 2909 fecit,
1027 2838 1120 2914 quos

43 2955 191 3020 veteres
224 2943 281 3016 illi
314 2945 424 3043 sophi
448 2965 497 3018 ne
523 2945 735 3042 suspicione
760 2942 909 3042 quidem
936 2951 974 3012 et
999 2939 1120 3032 conje-

43 3075 150 3138 ctura
175 3066 354 3160 attingere
378 3075 590 3164 potuerunt.
626 3065 875 3163 Posteaquam
901 3062 1000 3135 enim
1026 3057 1119 3132 Aca.-

44 3183 194 3282 demiae
215 3181 459 3260 Calecutanae
483 3208 635 3285 praeses
649 3181 911 3274 doctissimus,
936 3180 1120 3267 Jonesius‚
1231 3217 1235 3226 ·
1276 3276 1279 3283 .

45 3326 132 3386 eum
158 3305 384 3380 Graecorum
409 3308 651 3403 mythologie,
677 3329 790 3404 quarn
817 3304 967 3404 quidem
994 3324 1039 3374 ex
1057 3300 1120 3373 Li·
1228 3291 1231 3296 ’

44 3427 90 3499 lii
116 3424 274 3520 Gyraldi
299 3440 532 3523 syntagmate
557 3450 598 3502 se
624 3426 797 3501 didicisse
821 3428 1037 3525 profitetur,
1063 3441 1140 3492 sav

45 3567 130 3620 cras
153 3544 332 3620 Indorum
359 3548 504 3623 fabulas
529 3551 637 3626 miris
662 3547 787 3621 modis
814 3567 1014 3643 congruere
1032 3562 1119 3640 pro·

43 3668 147 3743 fatur
174 3680 250 3759 est,
282 3670 374 3743 haec
406 3669 526 3745 veluti
556 3669 607 3742 de
629 3669 734 3742 coeio
760 3671 874 3742 missa
899 3688 976 3742 vox
999 3663 1121 3735 horni-

44 3810 138 3864 num
171 3811 237 3862 ora
269 3811 312 3864 ac
344 3788 469 3864 studia
500 3791 555 3863 ita
585 3792 626 3862 in
658 3809 699 3862 se
733 3789 934 3878 convertit,
970 3795 1012 3858 ut
1038 3783 1119 3875 jam

9 3929 10 3934 ’
47 3929 206 3998 omnes,
237 3914 301 4006 qui
339 3908 481 4010 aliquid
513 3911 683 4007 sapiunt,
721 3913 858 3983 omissa
893 3907 1140 3978 Graecorum

47 4030 377 4127 Romanorumque
419 4029 599 4104 librorum
639 4018 797 4103 tectione
830 4026 877 4101 ab
910 4027 993 4104 unis
1025 4023 1119 4096 Pan-
