2800 4759
277 227 354 304 338
596 239 739 294 maun
764 237 1024 293 sneunous.

273 399 449 501 vinceptos
481 394 706 503 συγγράψας
739 379 955 493 Olympiod.
988 392 1087 467 Hist
1121 393 1216 488 Bye.
1254 392 1297 465 Τ.
1322 393 1349 464 1.

279 547 317 625 p.
347 520 403 594 ll.
455 517 623 617 Namque
648 517 709 589 hic
733 538 809 588 non
833 517 898 590 ille
923 526 1033 591 vetus
1060 514 1351 588 estHeracleota

281 639 360 731 sed,
383 639 669 715 utWeiche'rtus
684 638 816 710 statuit
830 638 877 710 de
891 634 1067 735 Apollon.
1081 634 1202 709 Rhod.
1217 657 1254 731 p.
1271 633 1350 707 lot.

281 762 554 837 Grammaticus
580 758 789 859 obscurior,
814 761 878 858 qui
904 755 1071 853 Caligula
1096 768 1275 852 regnante
1299 757 1351 830 vi·

250 861 254 874 ⁸
279 884 344 957 xit.
396 883 628 978 Temporum
665 878 834 952 ordinem
868 888 1063 977 sequentes
1088 879 1172 951 Ioni
1197 879 1352 951 occurri·

279 1026 386 1094 mus,
417 1002 521 1097 cujus
547 1000 803 1072 testimonium
829 1010 963 1096 postea
988 1000 1204 1095 singillatim
1229 999 1351 1097 exple

279 1123 439 1200 randum
456 1124 538 1195 erit
589 1119 689 1193 Huic
704 1118 868 1193 succedit
883 1119 1102 1218 Euripides,
1129 1119 1230 1217 apud
1247 1141 1352 1218 quem

267 1245 448 1350 ⁴Theseus
463 1243 587 1314 lictam
604 1239 673 1313 filii
689 1242 869 1339 pietatem
887 1241 1047 1314 irridens
1063 1240 1247 1338 Orphicae
1266 1262 1352 1338 quo

281 1387 353 1463 que
378 1364 568 1436 doctrinae
594 1361 865 1436 affectationem
892 1362 928 1433 ei
954 1361 1171 1460 exprobrato

400 1499 489 1581 Ἤδη
510 1523 566 1562 vor
588 1495 673 1579 αὔχει
694 1497 746 1559 καὶ
768 1495 806 1560 δι’
831 1492 956 1578 ἀψύχου
975 1501 1075 1583 βορᾶς

409 1602 507 1676 σίτοις
526 1594 682 1682 καπήλεΰ,
703 1597 820 1685 Ὀρφέα
841 1597 874 1662 δ’
898 1597 1004 1665 ἄνακτ’
1027 1598 1104 1682 ἔχων

405 1700 536 1785 βάκχευε
557 1705 679 1766 πολλῶν
699 1696 893 1787 γραμμάτων
914 1707 1012 1784 τιμῶν
1032 1698 1159 1770 καπνόν.

281 1840 398 1940 Hipp.
426 1837 514 1915 ⁰50.
538 1838 606 1913 ubi
631 1839 750 1917 πολλὰ
774 1836 1003 1944 γράμματα,
1040 1841 1072 1913 si
1099 1860 1192 1913 sana
1218 1852 1273 1913 cst
1304 1840 1350 1911 le·

281 1956 423 2057 ctio[¹¹],
449 1972 547 2034 certe
572 1982 649 2033 non
674 1961 856 2055 significet
870 1962 1059 2055 ingentem
1079 1960 1348 2034 multitudinem

280 2077 461 2155 librorum
488 2080 736 2179 Orphicorum
762 2081 894 2188 sedin
924 2082 1141 2157 universum
1167 2093 1348 2159 πολυανα-

280 2200 451 2307 γνωσίαν
488 2201 570 2275 sive
605 2199 820 2275 reconditae
856 2201 1025 2276 lectionis
1059 2206 1347 2277 ostmtationem.

281 2319 505 2420 Quanquam
529 2342 605 2393 non
630 2322 773 2418 negabo
793 2321 986 2421 Euripidis
1012 2333 1134 2397 aetate
1159 2335 1219 2398 tot
1242 2324 1349 2397 luisse
1383 2323 1384 2336 ’

171 2457 182 2542 ,'
282 2442 424 2541 Orphei
450 2444 634 2533 carmina,
667 2454 711 2517 ut
742 2444 888 2518 multe
913 2442 987 2517 dici
1012 2456 1178 2545 possent
1230 2445 1348 2532 Linus,

280 2563 453 2638 Herculis
479 2566 675 2658 magister,
711 2566 752 2638 in
777 2563 948 2638 Alexidis
980 2565 1110 2639 fabula
1134 2564 1270 2640 Athen.
1293 2563 1349 2639 lV.

168 2727 170 2730 ·
285 2684 369 2758 164.
396 2680 437 2757 C.
472 2704 585 2781 quum
620 2682 839 2783 disciplinae
866 2708 960 2759 ,suae
994 2686 1186 2760 alumnum
1221 2688 1271 2763 ad
1300 2687 1349 2762 hi·

190 2891 193 2896 ,
283 2802 508 2888 bliothecam
532 2804 731 2880 visendam
757 2807 913 2897 invitet,
953 2806 1094 2906 Orphei
1127 2827 1245 2907 opera
1277 2821 1347 2883 tae

282 2947 393 3025 quam
433 2926 675 3024 praecipuum
715 2925 905 3022 quoddam
947 2929 1135 3002 cimelium
1179 2941 1218 3002 et
1257 2922 1349 3001 haud

282 3048 392 3120 unius
417 3045 556 3146 plutei,
582 3057 762 3120 ostentat:
784 3047 951 3149 Ὀρφεὺς
977 3052 1141 3139 ἔνεστιν,
1162 3049 1349 3136 Ἡσίοδος,

281 3160 560 3272 τραγῳδία[“].
613 3164 689 3240 Sed
715 3179 1002 3265 praevertamus
1027 3170 1146 3243 scriis.
1197 3168 1349 3270 Saepius

284 3286 424 3385 Orphei
449 3287 620 3361 meminit
642 3286 751 3360 Plato
777 3287 869 3363 locis
893 3290 960 3381 iis,
986 3311 1079 3389 quos
1105 3287 1291 3389 deinceps,
1312 3297 1351 3362 ut

166 3591 168 3600 Ι
284 3576 302 3632 4
351 3504 396 3633 ql]
415 3506 583 3577 Mensura
599 3509 706 3594 unleds
722 3507 856 3577 emendat,
873 3513 904 3565 ut
920 3510 1041 3599 charta
1059 3475 1142 3565 enos
1160 3510 1279 3566 Martial.
1294 3507 1349 3563 XII.

303 3618 309 3633 ·
326 3580 351 3649 (l
368 3596 409 3632 0¹¹¹
425 3580 448 3632 Ῑ·
465 3579 510 3636 ⁶7·
527 3578 621 3632 ohtric
637 3580 729 3650 vargo)
746 3598 853 3636 canes
870 3599 1100 3637 memoriarum
1118 3582 1231 3636 Tertull.
1246 3580 1348 3653 Apolog.

285 3668 308 3703 c.
327 3651 369 3703 19.
386 3651 446 3704 Nec
470 3654 585 3721 opponet
609 3651 744 3722 quisquam
768 3654 869 3707 Thesei
888 3659 977 3709 aetate
995 3653 1097 3725 Orphei
1113 3653 1195 3708 libros
1213 3652 1295 3709 adhue
1309 3666 1348 3704 re-

285 3726 373 3774 centes
389 3726 418 3774 et
434 3722 529 3774 crudos
545 3721 633 3775 fuisse.

356 3819 413 3894 [ὓ]
438 3826 553 3879 Aristiae
575 3826 692 3880 tabulam
713 3821 830 3901 Ὀρφεύς
854 3831 979 3881 memorat
1002 3826 1113 3894 Pollux,
1147 3845 1232 3898 eoque
1257 3825 1347 3882 nomine

284 3893 388 3948 Lucani
408 3911 511 3966 quoqne
533 3914 638 3952 armen
660 3898 814 3968 inscriptum
836 3903 866 3951 et
882 3897 970 3951 Cassii
987 3898 1135 3953 Parmensis
1152 3900 1200 3952 sed
1216 3895 1347 3985 suppositi-

285 3964 353 4018 cimn
375 3965 481 4020 Anthol.
503 3967 563 4022 Lat
586 3969 608 4022 1.
633 3967 694 4022 1³⁵.
735 3968 818 4021 ariter
840 3974 872 4022 ot
895 3968 1030 4024 Οἰωτοιιίι
1054 3969 1214 4041 Orpheus
1237 3986 1291 4024 seve
1310 3965 1347 4018 de

285 4035 513 4090 adolescente
531 4038 696 4094 studioso
713 3985 822 4098 debete.
838 4038 909 4095 Bibl.
925 4040 987 4095 Lat.
1005 4041 1040 4095 Τ.
1057 4041 1081 4095 Ι.
1098 4058 1126 4126 P',
1141 4038 1205 4098 215.
1378 4035 1379 4048 ¹
