2800 4759
455 240 768 307 onenrcnp
1049 233 1132 314 v629

42 395 106 469 dri
151 400 436 499 Θεοφορουμένη
477 412 515 474 et
548 401 852 511 Μητραγύρτης,
873 403 1129 504 'ejusdemque
1246 469 1252 476 .

37 519 186 619 Ἱέρεια,
224 540 337 616 quam
361 518 545 596 fabulam
588 537 717 600 contra
751 524 847 598 viles
879 522 1127 620 Metragyrtas

42 640 223 736 scriptam
250 660 332 712 esse
358 637 634 724 ducent'verba
660 654 692 724 ελ
717 645 792 753 γὰρ
819 647 912 721 ἕλκει
937 646 1005 723 τὸν
1032 648 1146 725 θεὸν·

40 769 125 847 τοῖς
149 758 362 860 κυμβάλοις
382 764 589 863 ἅνθρωπος
613 773 665 854 εἰς
691 769 712 845 ὃ
738 764 915 869 βούλεται
940 777 978 840 et
1004 779 1125 841 cetera

41 908 79 983 p.
107 884 169 955 87.
203 881 314 956 Mein.
368 879 511 972 Quibus
538 899 584 958 ex
611 887 748 960 fabulis
773 908 969 985 expressae
994 885 1124 962 viden-

42 1015 108 1076 tur
133 1003 176 1076 L.
204 1002 401 1101 Pomponii
427 1003 611 1104 Aruspex‚
638 1008 773 1084 Naevii
798 1007 989 1097 Hariolus,
1014 1005 1122 1081 Afra·
1224 1025 1228 1032 ·

31 1125 96 1198 nii
132 1122 301 1219 Augures
336 1125 548 1224 multaeque
574 1124 780 1203 Sententiae
804 1150 936 1228 graves
963 1139 1001 1200 et
1025 1128 1122 1204 facc-

39 1256 125 1334 tae,
150 1244 283 1343 quibus
309 1248 450 1344 passim
475 1247 646 1340 Plautus,
681 1251 844 1339 Ennius,
870 1249 1054 1323 Pacuvius
1079 1248 1121 1322 id

38 1388 159 1463 genus
192 1367 384 1441 hominum
418 1369 588 1442 insectati
615 1383 712 1444 sunt.
763 1370 816 1448 Hi
843 1380 967 1448 autem
995 1366 1120 1444 Comi-

38 1510 171 1560 ccrum
191 1488 323 1561 'aculei
350 1491 487 1587 partim
514 1471 828 1588 compotationes,
859 1491 1057 1587 pervigilia
1082 1502 1121 1563 et

36 1612 217 1683 lascivias
250 1612 521 1706 perstringunt,
554 1610 687 1710 quibus
714 1612 889 1708 mulieres
915 1635 993 1690 rem
1022 1611 1118 1686 divi·

35 1755 129 1805 nam
150 1732 327 1803 facientes
346 1730 538 1826 indulgere
559 1731 829 1821 credebantur„
841 1734 978 1829 partim
1003 1740 1118 1804 tetras
1178 1831 1180 1836 ι

36 1850 326 1952 superstitiones
352 1865 390 1924 et
414 1853 573 1926 infames
599 1853 901 1927 Fratricellerum
928 1862 966 1924 et
987 1851 1118 1948 Βεροί-

34 1997 174 2048 narum
207 1971 392 2047 libidines.
444 1973 620 2048 Mulieres
653 1975 856 2074 praecipue
890 1970 1016 2046 studio
1048 1972 1117 2045 hos

33 2097 217 2190 mysticos
261 2087 418 2169 circulos
460 2095 734 2194 frequentasse,
790 2096 875 2167 hinc
924 2091 1116 2168 discimus:

29 2215 269 2291 lamblichus
296 2216 344 2289 de
364 2216 477 2311 Myst.
492 2216 540 2290 X.
556 2218 618 2290 71.
644 2219 819 2323 γυναῖκές
835 2224 929 2294 εἰσιν
945 2218 985 2293 αἱ
1000 2244 1117 2315 προη-
1139 2226 1143 2233 ’

32 2340 233 2443 γουμένως
257 2336 561 2439 μητρῳᾶζουσαι,
588 2341 755 2438 οἳῤῥὲνιον
780 2337 823 2414 δὲ
850 2336 1029 2440 ὀλίγιστοι
1051 2335 1116 2411 καὶ

33 2464 122 2538 ὅσοι
148 2461 200 2538 δν
225 2456 320 2537 ὦσιν
346 2453 588 2560 ἁπαλώτεροι.
616 2460 667 2533 Et
685 2460 726 2531 in
747 2459 965 2531 universum
980 2453 1116 2528 Strabo

35 2582 121 2655 vll.
147 2580 235 2654 723.
263 2581 425 2665 ἅπαντες
450 2579 745 2680 δεισιδαιμονίας
771 2577 958 2680 ἀρχηγοὺς
973 2581 1116 2654 οἴονται

32 2706 108 2791 τοὶς
133 2710 334 2807 γυναῖκας·
363 2701 478 2777 αὐταὶ
494 2691 545 2778 ’δι’
570 2701 634 2776 καὶ
658 2700 748 2785 τοὺς
776 2698 921 2798 ἄνδρας
944 2726 1115 2799 παρακα-
1228 2733 1232 2736 ·

32 2835 194 2904 λοῦνται
228 2824 322 2924 πρὸς
352 2824 421 2909 τὰς
454 2822 515 2899 ἐπὶ
538 2819 882 2921 πλέον’θεραπείας
906 2829 986 2906 τῶν
1010 2823 1116 2897 θεῶν
1175 2869 1177 2878 ι

30 2948 103 3025 καὶ
143 2946 274 3046 ἑορτὰς
312 2945 377 3021 καὶ
409 2942 680 3045 ποτνιοσμούς·
715 2954 753 3015 et
785 2942 891 3032 Plato
924 2941 1033 3035 Legg.
1068 2937 1115 3011 X.

30 3069 127 3143 909.
152 3067 200 3140 D.
229 3070 318 3151 ἕδος
343 3065 494 3169 γυναιξὶ
519 3063 778 3166 διαφερόντως
804 3060 941 3148 πάσαις
961 3060 1026 3139 καὶ
1037 3066 1120 3158 τοῖς,

31 3194 249 3269 ἀσθενοῦσι
274 3185 339 3261 καὶ
364 3188 550 3286 ἀποροῦσι
574 3185 717 3271 θυσίας
736 3186 915 3283 εὔχεσθαι
928 3183 992 3259 καὶ
1008 3178 1115 3281 ἱδρύ-
1142 3289 1144 3295 Ι
1186 3217 1188 3220 ’

30 3335 131 3395 σεις·
156 3306 198 3381 id
224 3305 326 3405 qued
352 3308 515 3380 centenis
541 3306 722 3405 exemplis
743 3304 878 3405 probat
909 3302 959 3378 H.
985 3302 1117 3374 Feust·
1168 3374 1171 3379 .

29 3430 157 3525 kingii
184 3428 421 3523 Gynaeceum
449 3420 1115 3523 haeretico-fanaticumLips.1704.
1141 3435 1145 3442 ’

27 3566 72 3627 et
102 3572 204 3625 nova
229 3548 504 3645 domesticaque
530 3550 703 3648 exempla
725 3548 867 3624 docent
893 3546 992 3621 Hinc
1006 3544 1117 3617 Phin-

29 3687 100 3773 tys
143 3671 376 3767 Pythagorea
415 3670 487 3744 hoc
525 3672 654 3769 posuit
685 3672 726 3743 in
760 3670 990 3769 praeceptis,
1023 3686 1117 3763 quae

30 3794 146 3870 sexui
172 3814 241 3865 suo
268 3792 428 3890 scripsit,
453 3792 506 3892 μὴ
527 3794 710 3892 χρὲεσθαι
730 3799 808 3877 τοῖς
822 3783 1042 3895 ὀργιασμοῖς
1054 3786 1119 3863 καὶ

28 3921 281 4017 ματρῳσμοῖς
308 3913 413 3987 Stcb.
441 3912 558 3986 Serm.
584 3909 757 3986 LXXIV.
784 3911 872 3984 444.
894 3895 1010 4009 222[¹²]
1037 3905 1116 3981 Ma·
1170 3948 1198 3998 χ

111 4061 150 4135 [¹¹]
180 4064 216 4117 Et
240 4065 320 4136 paulo
345 4072 405 4136 post
428 4085 453 4139 p.
478 4063 599 4121 445.19.
626 4065 787 4139 ὀργιασμῶν
806 4067 850 4120 κοιλ
869 4063 1045 4139 μαιρρσμοῑν
1062 4061 1121 4150 τοῖνΙ
