2800 4759
252 230 266 244 ·
412 229 761 286 annueretur.
1048 223 1121 297 211

70 372 182 462 Attia
204 411 227 462 a
251 388 404 463 Bbcotis
430 389 530 463 bello
554 398 805 489 premeretur,
829 392 872 464 iu
896 400 995 490 pago
1020 394 1124 491 Hya·

69 510 176 582 cintho
203 511 428 584 sacrificatus·
448 526 550 603 essee
574 533 688 584 unam
714 524 805 585 uam
830 516 1037 589 maximam
1053 516 1125 591 hoc

66 629 131 702 lato
155 629 368 705 defunctam
387 631 505 723 tradit
523 632 754 708 Demaratus
776 636 818 708 in
833 633 1124 732 Tragodumcuis

66 753 311 825 couvenientes
329 752 515 851 Euripidi,
531 756 647 849 enjus
672 754 837 829 fabulam
864 754 992 830 dedita
1010 776 1125 855 opera

65 873 268 968 exposuisse
291 872 464 966 videtum
496 873 752 973 Apollodorus
786 880 878 951 item
912 896 1024 951 unam
1058 878 1125 953 sed

64 1003 140 1065 natu
151 994 378 1084 uternam,
397 1006 472 1068 tres
498 1008 622 1069 artem
648 998 812 1094 reliquas
831 1001 1006 1099 (mor
1025 1003 1123 1073 enim

64 1114 255 1212 enumerat)
278 1116 493 1190 volcmarus
515 1130 636 1190 morte
661 1117 812 1208 obiisse,
836 1129 876 1189 et
889 1119 1019 1215 paullo
1037 1132 1123 1193 ante

21 1292 22 1305 .
64 1235 276 1329 singularum
300 1238 539 1319 matrimom‘a
564 1248 722 1328 enarrat,
749 1238 835 1311 licet
859 1241 1035 1338 innuptas
1054 1243 1123 1315 im·
1223 1280 1228 1293 =

63 1354 207 1428 mulctas
241 1374 324 1430 erse
349 1358 521 1455 scripse
544 1354 773 1430 studerunt
790 1378 936 1475 'nemen
963 1364 1124 1461 Παρθέ-

62 1504 111 1552 νοι
141 1475 312 1551 declaret
370 1477 542 1575 Denique
575 1474 676 1552 idem
716 1478 970 1576 Apollodorus
996 1480 1123 1554 Minoe

21 1595 210 1673 :Attum
238 1595 434 1671 obsidente
459 1601 622 1696 quinque
637 1586 1039 1696 Hyacinthiziuqullini
1053 1601 1125 1674 La-
1258 1672 1262 1685 ,
1381 1566 1382 1583 Ν

63 1716 278 1793 ordaeurom'i
310 1719 406 1792 filias
441 1716 543 1817 apud
576 1732 679 1793 aram
707 1715 1123 1815 Cyclopisimmolatar

21 1878 22 1939 l
64 1859 139 1929 esse,
164 1840 266 1914 unde
291 1840 395 1936 patet
419 1843 573 1915 nomina
593 1838 786 1934 Hyadum,
811 1836 1016 1931 Hyaeiudri
1036 1844 1122 1937 pagi

21 1942 22 1959 ¹
64 1970 93 2029 et
119 1960 323 2055 Hyacinthi
354 1960 641 2036 Lacedaemonii
673 1967 829 2059 prepter
853 1959 1047 2033 fortuitam
1074 1964 1123 2033 si-

21 2144 22 2185 ÷
62 2081 296 2156 milituffiuem
319 2084 369 2154 in
401 2098 517 2155 unum
549 2080 703 2155 confusa
729 2091 767 2153 et
792 2092 986 2179 practerea
1010 2083 1123 2176 virgi-
1201 2086 1203 2090 ’

21 2254 22 2259 ,
62 2222 136 2274 uum
159 2222 317 2291 nomen,
344 2214 484 2294 ortum,
509 2212 669 2285 aetatem
695 2213 734 2275 et
752 2223 954 2275 numerum
978 2205 1033 2275 ita
1057 2225 1123 2301 oa·

20 2380 22 2383 .
63 2323 106 2395 rie
134 2324 274 2400 tradita
306 2342 388 2395 esse
421 2334 464 2396 ut
496 2324 739 2405 manifestum
763 2325 847 2411 ilat,
863 2302 1123 2441 nullumstra·
1165 2400 1169 2405 ,

21 2480 22 2485 =
64 2439 216 2520 dentium
249 2438 403 2517 alterius
436 2466 478 2518 se
510 2444 754 2545 obstriurrisse
787 2443 1025 2531 auctoritate,
1058 2464 1122 2513 ne-

63 2559 137 2636 lun
161 2578 204 2639 ut
232 2586 363 2647 omnes
388 2588 435 2638 ex
460 2566 648 2639 communi
673 2562 837 2661 quedam
863 2563 968 2634 fonte
991 2562 1123 2635 hause-

62 2683 137 2775 rint3
171 2707 249 2785 quo
282 2706 358 2760 uuo
391 2682 569 2783 exemplo
596 2706 643 2758 ex
667 2680 1000 2758 innumerabilibus
1026 2681 1125 2754 dele-

63 2816 111 2874 cto
140 2808 309 2907 arguitur
342 2822 471 2879 sorum
495 2803 705 2894 temeritas,
745 2805 809 2901 qui
834 2826 881 2876 ex
905 2803 1023 2877 variis
1049 2801 1124 2875 dis·
1166 2855 1170 2861 1

63 2924 295 3024 eordibusque
329 2929 525 3024 poetarum
551 2937 590 3000 et
614 2922 973 3023 mythographorum
999 2945 1124 2995 narra·
1276 3016 1280 3021 ,
1339 2936 1342 2937 ’

63 3044 223 3121 humulis
258 3049 434 3144 antiquae
464 3048 588 3121 famae
620 3047 779 3121 formum
812 3054 852 3116 et
877 3046 982 3141 quasi
1008 3044 1122 3116 linea·

62 3179 174 3239 menta
199 3171 413 3263 recognosci
438 3190 551 3265 posse
569 3178 729 3263 sperant.
755 3167 947 3239 Postremo
961 3163 1123 3251 luerunt,

63 3288 115 3378 qui
138 3287 345 3384 Agraulum
373 3285 548 3386 Cecropis
572 3288 687 3361 filiam
715 3288 897 3384 tempore
910 3282 999 3357 belli
1013 3284 1124 3357 Eleu-

62 3406 134 3480 sinii
160 3432 202 3481 se
229 3432 300 3508 pro
325 3410 449 3506 patria
472 3406 670 3484 devovisse
683 3417 878 3480 ‘narrarent
894 3404 1015 3481 Schol.
1030 3404 1123 3498 Aug.

63 3525 102 3597 ad
131 3529 242 3602 Dem.
267 3555 305 3629 p.
335 3530 418 3602 168.
448 3529 510 3603 vel
542 3529 739 3602 Erechthei
774 3527 871 3600 filias
909 3524 1124 3617 Aglaurum,

62 3642 197 3723 Hersen
237 3661 275 3722 et
307 3649 536 3723 Pandrosum
571 3650 730 3721 mortem
763 3645 992 3744 oppetivisse
1016 3632 1124 3715 'dice-

63 3780 150 3859 rent,
193 3769 317 3843 Schel.
357 3768 511 3844 Aristid.
545 3792 581 3866 p.
614 3767 676 3840 41.
709 3778 833 3863 neque
861 3785 937 3835 nou
971 3760 1124 3859 ambigit

66 3883 174 3961 Schol.
202 3890 328 3989 Apoll.
354 3892 383 3963 1.
410 3890 496 3963 211.
522 3889 686 3976 Procris,
724 3881 863 3958 Creusa
888 3894 925 3955 et
951 3881 1124 3976 Orithma
1199 3932 1201 3936 .
1324 3992 1335 4004 N

66 4000 233 4108 Cecropis
257 4012 397 4084 fuerint
421 4002 470 4084 an
497 4007 701 4084 Erechthei.
729 4003 811 4096 Quo
835 4003 960 4079 minus
985 4006 1125 4078 utimur

202 4153 210 4164 ·
499 4150 503 4157 ·
628 4127 633 4137 '
828 4124 876 4198 14
902 4129 925 4179 *

731 4368 1215 4458 *sa
