2800 4759
158 184 174 226 ·.
256 151 356 250 344'
520 151 1006 241 'nrnnnsncunous'

259 340 335 417 Sed
367 363 557 440 nimquam
590 340 709 435 magis
740 338 865 437 poesis
898 336 1083 436 Orphicac
1115 335 1241 412 studia
1273 339 1325 413 vi·

259 486 370 560 gnere
385 486 507 560 ‘quam
534 462 658 535 seculo
684 469 772 558 post
784 455 972 532 Christum
999 459 1111 531 tertio
1132 470 1169 531 et
1184 470 1329 558 quarto,

260 606 375 681 quum
401 583 658 682 philosophia,
684 580 804 655 veluti
830 579 965 652 effoeta
989 589 1205 678 parentum,
1230 580 1330 674 geni·

261 702 327 776 tali
352 705 481 798 vigore
507 703 685 775 destituta
718 701 826 772 unice
857 701 896 772 in
930 698 1145 796 colligendis
1177 709 1216 773 et
1244 722 1331 797 quo-

234 845 333 921 .quo
359 823 474 897 modo
501 819 741 897 conciliandis
765 830 936 896 veterum
960 824 1171 920 sapientum
1187 832 1333 896 senten-

187 1043 188 1050 *
261 944 324 1015 tiis
349 943 599 1042 occuparetur.
651 937 799 1014 Charax
820 939 993 1016 sacerdos
1007 941 1270 1038 Pergamenus,
1293 951 1344 1016 uti

263 1064 398 1137 Suidas
426 1065 554 1152 docet,
569 1061 728 1137 ‘Nerone
753 1069 876 1134 aetate
899 1059 1073 1154 inferior,
1104 1073 1255 1162 practer
1279 1063 1333 1135 hi-

179 1191 182 1196 ⁴
238 1253 241 1262 ,
262 1187 416 1258 storiam
442 1184 621 1259 Graeciae
646 1184 796 1280 scripsit
826 1181 944 1259 πολλὰ
969 1180 1160 1285 φιλόσοφοι
1167 1235 1180 1274 ,
1214 1187 1257 1262 ἐν
1281 1182 1333 1268 οῖς

263 1308 326 1383 καὶ
352 1305 579 1408 συμφωνίαν
600 1306 793 1407 Ὀρφέως,
826 1300 1068 1407 Πυθαγόρου
1092 1305 1157 1382 καὶ
1170 1302 1334 1382 Πλοίτω-

263 1456 329 1511 νος
354 1426 438 1526 περὶ
463 1429 512 1504 τὰ
538 1425 664 1532 λόγια,
691 1423 791 1522 quod
816 1445 931 1519 genus
956 1424 1142 1507 scribendi
1165 1427 1333 1501 maxime

263 1546 512 1620 aPlatonicis
543 1547 768 1620 celebratum
800 1543 867 1617 esc
919 1543 1055 1619 Suides
1079 1545 1331 1635 Damascium‚

265 1676 307 1739 ut
339 1666 508 1758 videtur,
544 1679 722 1765 sequutus
757 1664 1001 1763 Serapionem
1035 1651 1333 1741 Alexandrinum

226 1857 236 1869 ‚
264 1799 391 1870 narrat
405 1786 546 1887 Orphei
572 1788 738 1864 carmina
762 1779 930 1860 studiose
954 1787 1159 1861 lectitasse:
1185 1791 1235 1867 οὕ
1255 1789 1333 1890 περὶ

264 1907 328 2004 τοίΙ
345 1907 589 2011 τεχνικωτέρα
620 1919 687 2007 τῆς
719 1907 944 2010 φιλοσοφίας
972 1907 1078 2004 ἠξίου
1112 1908 1327 2011 διατρίβειν,

265 2030 360 2103 ἀλλὰ
384 2036 462 2115 τοῖς
489 2029 702 2131 ἁδροτέραις
716 2030 781 2106 καὶ
805 2031 1224 2132 ἐνθουσιαστικωτίροις
1248 2025 1328 2125 νοή-
1379 2065 1380 2122 p

265 2173 382 2246 μασιν
407 2153 596 2250 ἐνεφυεσο·
623 2149 683 2226 dto
709 2178 831 2248 μονον
857 2149 992 2249 σχεδὸν
1007 2150 1077 2229 τὸν
1097 2153 1248 2253 Ὀρφέα
1263 2151 1332 2227 ἐκέ-

266 2297 376 2365 κτητο
409 2269 474 2346 καὶ
506 2268 764 2374 ἀνεγίνωσκεν.
813 2279 852 2341 et
883 2269 1012 2368 paullo
1049 2254 1197 2369 postea':
1222 2271 1331 2350 οὕτω
1380 2373 1381 2380 ¹

266 2389 487 2491 κατεφρόνει
509 2388 714 2493 χρημάτων
732 2389 821 2477 dicre
847 2396 1051 2489 κεκτῆσθαι
1070 2392 1190 2491 μηδὲν
1214 2393 1242 2490 ἢ
1267 2387 1332 2493 μέ·

267 2539 315 2588 να
341 2510 412 2589 ooo
437 2512 461 2607 ἢ
486 2512 573 2612 τρία
598 2511 749 2612 βιβλία,
782 2506 838 2589 ὧν
868 2508 917 2609 ἦν
941 2513 1006 2589 καὶ
1025 2514 1198 2614 Ὀρφέως
1233 2511 1333 2608 ποίη-

269 2658 334 2716 σις.
384 2630 489 2736 Idem
522 2642 638 2732 poeta
662 2630 818 2704 Proculo
844 2654 990 2731 quoqne
1020 2635 1063 2706 in
1087 2631 1230 2707 deliciis
1257 2634 1333 2719 fcit,

268 2752 350 2847 qui,
388 2764 430 2825 ut
461 2752 629 2826 Marinus
661 2752 791 2825 scribit
822 2775 852 2825 c
885 2755 947 2827 20.
983 2777 1020 2851 p.
1050 2753 1109 2827 17.
1142 2766 1332 2849 aegrotans

195 2873 196 2876 ’
268 2873 426 2966 hymnos
452 2872 525 2945 sibi
549 2874 698 2946 recitari
724 2896 838 2971 quum
859 2874 1049 2969 jussisset,
1075 2876 1157 2973 ipsc
1183 2871 1334 2970 ἄνεπίβ·

269 3023 338 3094 ρου
379 2995 467 3080 τοὺς
509 2994 654 3094 ὕμνους
704 2994 769 3070 καὶ
805 3004 885 3085 τῶν
913 2996 1112 3096 Ὀρφικῶν
1151 3000 1253 3076 ἐπῶν
1290 2995 1334 3098 cpi

268 3122 437 3191 πλεῖστοι·
474 3116 636 3219 καὶγὰρ
668 3123 791 3191 ταῦτα
825 3118 927 3193 ἔστιν
951 3115 1012 3192 ὅτε
1043 3114 1227 3217 παρόντες
1254 3119 1335 3195 ἄνε-

268 3232 522 3339 γιναίσκωμεν.
549 3257 617 3309 nec
642 3237 766 3309 minus
799 3234 996 3341 familiaris
1022 3235 1202 3329 Syriano,
1236 3238 1335 3333 cujus

269 3357 365 3428 inter
391 3376 506 3453 opera
522 3354 667 3428 ¹Suidas
692 3366 859 3428 recenset
884 3363 935 3443 εἰς
958 3356 1031 3453 τὴν
1051 3359 1224 3458 Ὀρφέως
1249 3364 1336 3436 θέο

133 3557 137 3564 ‚
271 3476 401 3579 λογίαν
415 3475 547 3578 βιβλία
565 3473 636 3554 doio
664 3485 703 3548 et
728 3479 956 3577 συμφωνίαν
973 3481 1169 3587 Ὀρφέως,
1196 3481 1336 3556 Πυθα-

270 3595 386 3701 γόρου
421 3598 486 3674 καὶ
519 3594 748 3689 Πλάτωνος,
780 3599 887 3695 ‘quae
919 3595 1051 3671 eadem
1090 3597 1159 3671 suh
1191 3595 1336 3673 Proculi
1378 3657 1381 3670 ,

270 3719 420 3790 nomine
451 3715 672 3792 ferebantur.
734 3716 808 3791 Hic
838 3729 988 3813 rogatus
1019 3742 1043 3793 a
1074 3716 1267 3817 discipulis
1297 3727 1336 3790 ut

272 3836 462 3934 Orpheum
488 3841 691 3913 accuratius
717 3839 939 3930 illustraret,
978 3840 1164 3920 recusavit
1194 3839 1335 3914 somnio

273 3957 508 4050 absterritus,
540 3971 691 4060 petente
723 3972 848 4038 temen
872 3960 1021 4037 Marino
1043 3973 1097 4042 ut,
1110 3960 1242 4040 saltem
1267 3958 1335 4052 Sy·
