2800 4759
288 232 361 307 160
637 246 782 300 LIBER
807 246 996 302 PRIMUS.

281 408 483 480 *Rhetorum
497 402 539 503 [ἰ]
573 406 785 504 pertimeri
812 406 1022 483 docendum
1046 406 1184 503 partim
1210 404 1261 479 ad
1286 405 1354 477 ob·

283 527 492 601 lectandum
518 529 734 624 composite,
758 529 896 626 partim
923 530 1035 601 etiam
1061 524 1175 598 studii
1195 536 1233 598 et
1253 547 1356 599 oom-

283 649 518 721 mentationis
554 670 674 731 cerua.
730 649 890 723 Proinde
922 648 1015 723 nihil
1047 644 1164 743 seque
1196 645 1355 721 stultum

283 790 394 864 quam
442 768 482 839 in
520 768 808 865 interpretandis
846 769 1074 866 acutiquitatis
1116 766 1355 841 monimentis

217 884 219 891 ’
280 910 347 960 eos
367 888 478 983 sequi
503 885 631 977 duces,
658 891 722 986 qui
747 890 913 965 comulto
939 889 1003 962 uie
1029 885 1210 961 excedunt
1234 898 1272 959 et
1298 884 1356 958 di·

281 1006 462 1081 verticula
486 1006 881 1085 accommodationem
895 1018 1086 1106 quaerunt.

384 1124 458 1217 Qui
484 1150 572 1202 vero
588 1132 746 1227 ‘priscos
771 1142 901 1228 poetas
927 1128 974 1201 de
998 1126 1109 1201 rebus
1134 1124 1270 1207 humo
1297 1125 1355 1197 ni-

281 1249 334 1320 hil
358 1250 432 1321 nisi
456 1248 556 1345 quod
581 1248 748 1323 doctrino
773 1262 811 1323 et
828 1252 931 1323 ‚retia
955 1246 1237 1346 praescriberet,
1268 1267 1356 1319 sen·

280 1369 374 1440 sisse
413 1366 644 1461 judibarunt,
684 1385 810 1443 tamen
848 1371 957 1447 fateri
997 1371 1114 1445 coacti
1145 1376 1249 1455 sunt,
1266 1391 1271 1399 ¹
1286 1387 1355 1437 eos

280 1488 401 1559 multo
426 1486 581 1580 dixisse,
608 1512 701 1586 quae
728 1493 873 1588 utrique
898 1511 1101 1587 repugnare
1124 1486 1354 1565 videroutm.

280 1606 482 1681 {dautem
515 1630 560 1680 eo
594 1608 920 1707 accidisse‚=.qucd
934 1630 1177 1687 ‚communem
1203 1603 1355 1679 dicendi

280 1728 440 1800 formam
472 1731 576 1825 sequi
609 1702 880 1804 detrectassent
938 1727 1158 1820 euadere
1183 1724 1354 1801 studiosa

278 1847 449 1946 disputat
480 1845 649 1923 Clemens
683 1873 729 1923 eo
761 1851 864 1940 loco,
902 1873 975 1947 quo
1004 1852 1083 1945 iam
1113 1850 1263 1946 saepius
1290 1848 1353 1920 usi

279 1992 424 2042 murus:
466 1967 615 2055 Πάντες
654 1974 690 2048 oi
728 1969 1020 2076 θεολογήσαντις
1046 1970 1126 2067 uvir
1165 1966 1352 2065 ἀλήθειαν

279 2091 476 2193 αἰνίγμασι
513 2091 578 2165 καὶ
615 2099 844 2193 μεταφοραῖς
885 2093 949 2168 καὶ
985 2086 1166 2174 τοιούτοις
1196 2085 1352 2188 τρόποις

278 2205 580 2309 παραδεδώκασι·
619 2208 732 2306 idque
768 2212 950 2309 exemplis
990 2207 1155 2309 undique
1203 2206 1351 2281 collatis

280 2329 497 2403 confirmare
537 2340 689 2401 conatur
736 2333 899 2427 primum
946 2330 1105 2428 Orphei,
1152 2341 1231 2403 tum
1266 2325 1350 2399 Ho-

278 2451 373 2523 meri
413 2450 532 2546 ipsius
564 2447 814 2548 Hesiodique,
852 2450 940 2525 dein
976 2448 1228 2542 Pherecydae‚
1273 2446 1350 2540 Py-

278 2569 470 2664 thagorae,
502 2567 710 2659 Heracliti,
733 2571 990 2669 Empedoclis,
1030 2592 1145 2667 usque
1177 2567 1228 2641 ad
1259 2567 1349 2639 illas

276 2687 461 2786 Sphinges
476 2687 759 2781 Alexandrinos,
784 2692 1064 2793 Euphorionem
1081 2687 1349 2785 ethycophre

257 2824 381 2898 ”neum
414 2831 506 2905 quos
529 2832 668 2883 ⁴omues
702 2809 750 2884 de
781 2811 964 2887 indistria
988 2812 1041 2887 sic
1066 2810 1278 2906 seripsisue,
1305 2818 1349 2880 ut

276 2927 390 3002 aliud.
403 2926 525 3001 dicere
548 2929 781 3020 viderentur,
807 2930 908 3005 aliud
932 2930 1185 3024 intelligerent.
1223 2927 1366 3035 Idem·⁸

277 3074 349 3148 que
375 3048 590 3121 Plutarchus
616 3048 792 3139 affirmat,
825 3063 970 3123 veteres
996 3049 1144 3122 decreta
1169 3071 1236 3121 sua
1261 3072 1346 3143 my-

274 3171 349 3243 this
382 3180 419 3240 et
450 3168 590 3266 griphis
630 3169 857 3268 implicuisse
891 3171 989 3256 ὅπως
1023 3173 1058 3247 οἱ
1087 3168 1160 3269 μὲν
1191 3178 1347 3269 φιλοσο-

276 3336 397 3409 quodque
421 3337 454 3389 de
471 3337 521 3389 <liis
537 3339 605 3391 idem
622 3339 703 3392 sensit
720 3357 777 3393 cum
795 3341 905 3407 Stoicis,
923 3343 1017 3395 multos
1034 3339 1173 3410 populares
1189 3358 1248 3392 esse
1265 3357 1346 3393 unum

275 3407 429 3477 naturalem,
455 3425 482 3460 v.
500 3408 555 3461 Cic.
574 3409 608 3460 N.
626 3409 658 3463 D.
677 3411 698 3462 Ι.
720 3411 760 3463 12.
796 3412 891 3482 Neque
908 3412 1038 3482 Diogenes
1055 3412 1155 3463 alienus
1172 3412 1223 3463 fuit
1240 3412 1274 3464 eb
1292 3412 1347 3464 lise

274 3476 462 3549 interpretandi
485 3478 646 3547 subtilitate,
671 3480 694 3533 si
713 3480 832 3535 Medeam
844 3521 845 3524 η
856 3500 906 3534 non
923 3484 1025 3550 magice
1042 3482 1088 3533 sed
1105 3481 1266 3550 gymnastica
1284 3489 1345 3534 arte

276 3549 428 3622 corporibus
451 3547 553 3599 luxurie
575 3550 658 3617 rnsgis
675 3566 752 3618 quam
769 3554 839 3603 senio
857 3554 948 3605 fractis
965 3554 1080 3621 vigerem
1098 3560 1125 3604 et
1142 3551 1280 3604 sanitatem
1299 3568 1345 3603 re·

277 3621 392 3675 nituisse
409 3619 540 3671 contendit
558 3619 631 3671 Stob.
649 3621 732 3674 δοται.
749 3622 847 3676 XXIX.
865 3641 891 3692 p.
908 3623 969 3674 207.
1294 3662 1300 3677 t

347 3687 492 3759 [¹111qu
515 3690 617 3758 generis
641 3692 783 3761 exemplum
807 3694 917 3762 praebet
938 3692 1060 3744 Herculis
1084 3691 1173 3759 Ogmii
1190 3690 1267 3743 fictor
1284 3690 1345 3742 Lu·

213 3782 218 3787 ·
275 3759 379 3824 earm,
402 3761 470 3812 unde
493 3759 559 3812 haec
574 3760 673 3829 species
690 3763 793 3815 ethicae
809 3764 877 3815 inter
895 3762 1030 3814 rotationis
1046 3762 1177 3813 rhetorica
1194 3762 1246 3813 dici
1263 3760 1343 3815 solet.

276 3848 301 3883 v.
319 3829 411 3882 Tzetz.
429 3831 513 3899 Exeg.
531 3831 562 3883 Il.
579 3849 605 3900 p.
623 3830 665 3883 28.
680 3840 711 3886 et
729 3833 796 3886 cuil.
814 3833 836 3884 Ι.
889 3866 896 3883 .
914 3832 959 3884 ubi
976 3833 1081 3884 eandem
1099 3832 1212 3884 fabulam
1229 3831 1344 3901 primurn

273 3900 467 3964 mathematice,
490 3901 539 3952 hoc
556 3907 596 3952 est
613 3903 785 3971 astrologice,
803 3902 930 3971 explieat,
948 3901 1040 3954 deiude
1057 3900 1125 3954 sach
1142 3898 1256 3973 ῥήτορας
1271 3898 1343 3965 ἠθι-

274 3966 415 4044 κώτερονμ
435 3971 561 4038 Didymus
584 3971 618 4022 cd
634 3972 665 4023 ll.
683 3974 706 4025 Ι.
725 3972 767 4026 60.
785 3975 813 4027 ot
829 3975 965 4045 ῥητορικαὶ
982 3968 1089 4032 triente
1107 3986 1244 4043 φασιν-
1261 3973 1290 4024 oi
1309 3970 1342 4023 δὲ

277 4036 501 4113 φιλοσοφώτερον
518 4036 626 4102 λύοντες
640 4049 693 4094 etc.
