2800 4759
282 181 377 261 192'
579 202 584 214 “
634 195 778 253 nrunn
796 192 989 253 urruns.

278 363 403 441 lianus
429 356 534 430 addit
567 360 726 435 mustela
760 359 921 463 (γαλεός)
946 383 1024 433 non
1047 363 1149 434 vesci
1174 362 1345 448 initiatos,

280 493 322 554 nt
347 484 514 577 impura,
540 482 627 575 quia
650 504 717 577 per
744 501 797 563 os¹
812 483 950 578 pariat3
977 502 1088 577 quarn
1102 479 1269 553 fabulam
1287 479 1345 551 de-

278 602 377 675 ridet
401 600 630 675 Aristoteles
684 599 759 672 Sed
784 612 933 698 praeter
957 602 1027 674 has
1059 602 1285 675 ratiunculas
1308 602 1345 672 in

185 764 186 768 =
233 704 240 723 s
278 722 428 820 publico
450 723 608 816 jactatas
634 720 792 795 fortasse
824 723 921 796 aliae
946 722 1129 822 quaedam
1155 722 1261 794 fuere
1294 743 1346 793 se-

279 833 470 931 cretiores,
509 843 651 938 partim
681 842 822 946 ethicae
855 856 965 942 atque
997 845 1174 942 physicae
1212 845 1345 940 partim

221 1038 224 1043 ⁴
280 988 332 1050 ex
347 965 504 1037 historia
520 964 719 1060 repetitae,
745 965 921 1038 siminus
944 967 983 1038 in
1003 965 1225 1052 Eleusiniis,
1253 973 1344 1035 certe

279 1087 318 1158 n
345 1085 429 1157 auris
447 1086 663 1180 mycen..
705 1081 878 1159 clemens
893 1086 1030 1160 strom.
1046 1087 1093 1158 ιι.
1119 1085 1205 1158 con
1232 1066 1346 1186 μοι)

280 1186 471 1284 ἐντεῦθεν
491 1208 595 1306 οἶμαι
631 1207 695 1283 καὶ
727 1207 795 1292 τάς
824 1210 971 1294 τελετὰς
1004 1210 1049 1286 οὐ
1082 1189 1203 1307 μόνον
1236 1213 1345 1282 τινῶν
1374 1297 1377 1301 ‚

281 1326 390 1420 ζώων
416 1325 663 1430 ἀπαγορεύειν
689 1328 890 1418 ἅπτεσθαι,
918 1332 994 1406 ἀλλ’
1022 1332 1130 1415 ἔστιν,
1150 1326 1346 1405 desciscis

279 1449 579 1547 καταθυομένων
604 1446 809 1533 ὑπεξείλετο
833 1451 941 1551 μέρη,
967 1451 1016 1528 dd
1044 1448 1178 1536 αἰτίας,
1204 1449 1251 1533 ἃς
1273 1452 1345 1522 ἰ’σα·

281 1595 342 1646 οιν
368 1570 405 1644 οἱ
429 1554 580 1667 μύσται.
633 1564 804 1659 Julianus
831 1567 922 1641 dicit
945 1571 1103 1665 Magnae
1121 1567 1254 1641 Matris
1280 1566 1347 1638 cul·

280 1701 380 1783 tores
411 1689 513 1784 rapis
546 1687 752 1775 abstinere,
791 1691 880 1784 quia
910 1713 977 1763 cac
1009 1689 1152 1772 radices
1179 1688 1345 1760 deorsum

279 1811 319 1881 in
343 1820 483 1881 terram
509 1818 638 1902 agant,
666 1807 895 1906 Porphyrius
919 1812 1005 1906 pios
1025 1809 1195 1885 homines
1221 1809 1345 1882 avibus

211 2009 214 2017 ι
280 1939 398 2016 arcet,
425 1930 512 2025 quia
536 1929 668 2005 volatu
693 1950 764 2003 suo
788 1951 857 2003 nos
884 1929 1042 2005 doceant
1066 1929 1252 2004 volaticos
1275 1929 1346 2001 fieri
1378 1994 1381 1998 .

201 2067 204 2072 ’
281 2062 319 2121 ct
345 2050 423 2121 alta
449 2070 650 2144 capessere.
676 2078 729 2105 ->-
753 2049 914 2124 Haeret
935 2052 1045 2140 talia,
1073 2052 1223 2147 opinor,
1252 2028 1376 2121 erant'

279 2170 347 2242 illa
372 2170 559 2241 sanctiora
583 2191 792 2259 sacrorum,
819 2193 978 2267 quorum
998 2172 1173 2243 notitiam
1195 2171 1269 2243 soli
1285 2170 1345 2240 ini-

280 2291 367 2363 tiati
390 2288 527 2362 hahere
552 2289 789 2387 putabantur
841 2293 917 2364 Dio
941 2289 1029 2365 Chr.
1043 2290 1106 2363 Or.
1122 2290 1242 2364 XVII.
1268 2287 1346 2364 464.

281 2442 322 2490 εν
346 2418 425 2506 τοῖς
449 2410 668 2511 μυστηρίοις
705 2413 724 2487 ὅ
760 2411 982 2515 ἱεροφάντης
1015 2415 1085 2510 οὐχ
1110 2413 1211 2499 ἅπαξ
1236 2440 1345 2531 προα
1382 2498 1383 2501 ¹

280 2530 426 2635 γορεάει
456 2562 534 2617 τοις
565 2533 792 2631 μυουμένοις
824 2535 982 2613 εἰιαστον
1014 2528 1071 2611 ὧν
1091 2534 1165 2634 χρὴ
1201 2577 1254 2591 --
1286 2561 1345 2608 κα-

279 2650 405 2753 θάπερ
430 2655 500 2730 τιν’
528 2649 739 2750 άιιόῤῥητον
763 2653 986 2755 πρόρρησιν,
1025 2675 1138 2751 quam
1165 2651 1215 2725 ad
1249 2653 1346 2726 casti.

280 2775 425 2847 munias
449 2773 688 2871 potissimum
712 2776 935 2870 pertinuisse
954 2798 991 2871 ¹e
1016 2772 1171 2871 Josephi
1195 2773 1282 2846 loco
1304 2775 1347 2846 si-

279 2894 438 2967 millimo
465 2894 588 2988 colligi
612 2903 741 2989 potest
762 2919 790 2966 c.
816 2892 953 2992 Apion.
979 2894 1021 2967 L.
1047 2896 1093 2967 ll.
1120 2894 1181 3001 22.
1208 2892 1295 2968 486.
1325 2895 1345 2969 il
1382 2944 1383 2947 =

280 3016 354 3118 γάρ
381 3014 519 3118 ὀλίγων
552 3015 703 3114 ἡμερῶν
736 3015 907 3116 ἀριθμὸν
932 3014 1210 3112 ἐπιτηδεύοντες
1245 3012 1347 3092 ἄλλό-

281 3145 394 3237 φυλοι
420 3133 625 3235 φυλάττειν
650 3136 696 3210 οὗ
722 3133 928 3225 δύνανται,
954 3135 1143 3238 μυστήρια
1167 3136 1233 3213 καὶ
1256 3147 1346 3214 τελε-

280 3257 348 3341 τάς
374 3253 644 3352 ὀνομάζοντες,
669 3264 791 3331 ταῦτα
818 3254 1057 3357 φυλάττομεν
1079 3257 1143 3334 dcci
1169 3269 1239 3335 τοῦ
1256 3286 1347 3335 παν-

280 3377 344 3460 τὸς
363 3381 523 3483 αἰῶνος·
551 3376 649 3461 τίνες
674 3372 745 3452 οὗν
770 3376 864 3453 εἰσὶν
890 3379 930 3453 αἱ
954 3375 1170 3477 προρρήσεις
1191 3380 1256 3455 καὶ
1281 3381 1346 3455 ἄιτ-

281 3494 493 3602 αγορεάσεις
520 3508 586 3569 etc.
638 3496 680 3570 Si
706 3496 788 3593 quis
821 3498 933 3591 igitur
957 3499 1127 3594 ¹quaerit,
1165 3499 1254 3596 quid
1286 3496 1348 3570 do-

281 3619 422 3690 cuerint
447 3618 674 3707 sacerdotes,
701 3618 765 3715 qui
789 3617 983 3696 διδάσκειν
1006 3620 1096 3704 τοὺς
1116 3622 1346 3720 μυουμένους

169 3735 177 3753 “
281 3750 319 3810 et
338 3743 550 3843 ἐξηγεῖσθαι
571 3738 742 3813 dicuntur
752 3738 820 3838 [¹³¹]
846 3738 946 3812 haud
969 3750 1183 3812 cunctanter
1200 3760 1346 3895 respon·

351 3938 1346 4074 [¹¹¹]Schol.drist0plr.Rnnn.158.drdpvmnpmdtdoxdstr.Plrilo-

280 4015 903 4088 ιιιοορ.161.1τελούμενοιοῑταμυστκα
955 4013 1130 4092 6ασιι6μενοι.
1161 4016 1291 4072 Plutarch
1315 4012 1344 4063 V

504 4190 516 4223 ρ
