2800 4759
262 194 338 269 348
581 208 727 268 claua
751 208 1012 264 sncunous.

263 370 425 442 olesmre
458 366 644 462 coepisse,
679 386 794 460 quum
827 363 987 437 duorum
1019 362 1334 456 nobilissimorum

260 501 457 590 poetarum
489 485 609 562 veluti
641 484 792 582 publico
826 486 1043 558 testimonio
1075 493 1200 557 essent
1231 505 1335 556 orna-

261 623 332 684 tae.
382 605 466 680 Hos
491 607 623 700 igitur,
650 607 715 700 qui
741 603 928 702 quandam
954 606 1010 678 rei
1035 604 1217 677 fabularis
1230 604 1335 702 quasi

123 763 128 787 =
262 727 498 826 disciplinam
531 724 795 815 condiderunt,
834 724 885 800 ad
915 747 1009 824 quos
1044 725 1237 815 omnibus,
1275 727 1336 822 qui

261 850 309 925 de
341 848 497 922 deorum
536 848 713 946 progenie
755 858 793 919 et
826 848 929 923 vitae
961 845 1107 919 actione
1143 857 1335 945 quaerunt,

261 987 436 1068 tanquam
463 964 680 1062 adprimus
707 966 830 1040 fontes
854 965 1118 1041 recurrendum
1151 978 1228 1057 est,
1262 965 1335 1040 He·

219 1169 222 1178 „
260 1091 419 1167 rodotus
452 1088 587 1161 marito
614 1087 851 1183 Theogoniae
885 1087 1131 1162 Graecanicae
1169 1100 1334 1161 auctores

262 1211 480 1312 appellavit
531 1207 664 1282 Fuisse
695 1222 783 1283 ante
814 1207 1025 1283 Homerum
1051 1221 1188 1308 poetas
1219 1231 1334 1306 neque

262 1336 332 1407 hoc
358 1334 441 1405 ioco
467 1339 579 1425 negat
610 1342 649 1404 et
681 1331 810 1428 paullo
842 1343 929 1405 ante
954 1333 1000 1404 Π.
1026 1328 1088 1404 23.
1120 1330 1333 1427 planissime

262 1451 439 1558 affirmat,
464 1474 579 1550 quum
596 1450 734 1524 Oceani
760 1474 899 1525 nomen
924 1451 971 1525 ab
986 1450 1154 1524 Homero
1181 1463 1247 1524 aut
1271 1451 1333 1523 ali-

261 1591 337 1670 quo
363 1573 572 1670 antiquiore
598 1584 712 1669 poeta
737 1571 989 1646 introductum
1023 1594 1104 1645 esse
1137 1569 1331 1645 contendit

263 1691 339 1767 Sed
364 1704 492 1766 extare
517 1690 718 1791 quidquam
745 1694 786 1764 in
807 1693 929 1766 diteris
956 1694 1161 1789 antiquius,
1188 1693 1230 1765 id
1247 1713 1331 1765 vere

263 1817 375 1888 etiam
408 1825 519 1909 atque
551 1812 667 1883 etiam
697 1824 828 1907 negat,
869 1835 987 1910 eoque
1019 1835 1094 1885 uno
1127 1811 1247 1888 verbo
1270 1813 1330 1886 Or·
1382 1823 1383 1902 i

262 1935 368 2032 phei,
393 1933 540 2006 Musaei
566 1943 604 2004 at
628 1931 855 2030 reliquorum
871 1947 1021 2023 vatum,
1047 1956 1142 2031 quae
1161 1946 1243 2008 tum
1267 1935 1327 2006 cir·

264 2053 560 2128 eumferebantur
603 2056 786 2144 carmina,
838 2059 1076 2154 praescriptis
1125 2053 1383 2134 auctoribus

265 2175 378 2273 eripit
401 2183 512 2270 atque
538 2172 676 2263 aufert3
702 2174 803 2271 quod
829 2177 910 2272 eJ‘us
932 2176 1115 2273 J‘udicium
1137 2197 1182 2247 eo
1199 2174 1383 2270 majera
1382 2179 1383 2202 ³

264 2296 400 2394 plausu
434 2302 472 2365 et
503 2292 779 2390 praedicatione
814 2297 1113 2395 prosequendum
1153 2309 1227 2386 est,
1264 2315 1328 2391 quo
1382 2279 1383 2330 t

265 2415 406 2488 diutius
437 2412 558 2487 tenuit
591 2414 754 2511 vulgaris
789 2438 910 2506 error,
947 2421 1011 2515 qui
1044 2443 1093 2492 ne
1126 2411 1329 2493 Aristotelis

265 2534 413 2634 quidem
449 2536 670 2614 auctoritate
704 2537 868 2635 opprimi
900 2541 1035 2636 potuit
1087 2538 1211 2635 Hujus
1238 2538 1328 2610 enim

266 2655 314 2729 de
340 2653 491 2754 Orpheo
517 2676 594 2728 non
619 2653 722 2729 aliud
747 2656 864 2730 fuisse
890 2678 1001 2755 quam
1026 2659 1213 2733 Herodoti
1233 2656 1329 2755 judi·

174 2875 177 2884 ,
266 2778 363 2849 mum
389 2787 564 2849 testatum
591 2787 648 2852 est
672 2776 869 2855 notissimo
896 2775 1085 2859 Cicereius
1110 2782 1194 2855 loco
1220 2779 1269 2853 de
1289 2775 1328 2853 N.

264 2898 313 2971 D.
335 2897 362 2971 1.
379 2897 440 2971 38.
468 2895 705 2997 Orpheum
731 2910 918 2996 poetam
945 2899 1083 2975 docet
1106 2901 1328 2976 Aristote·
1381 2897 1382 2904 ’

265 3019 334 3092 les
359 3039 591 3116 nunquam
617 3019 765 3092 tuisse
791 3031 837 3094 et
861 3011 945 3096 hoc
971 3021 1222 3120 Orphicum
1248 3041 1330 3095 car·

265 3162 366 3213 men
397 3139 684 3237 Pythagorei
717 3139 877 3216 ferunt
909 3142 1153 3242 cujusdam
1185 3143 1329 3219 fuisse

266 3257 508 3358 Cercopis‚
542 3260 607 3335 ubi
632 3260 727 3342 nulli
751 3263 995 3363 interpretum
1021 3268 1061 3338 in
1086 3276 1250 3338 mentem
1272 3283 1328 3338 vc·

266 3383 323 3453 nit
354 3380 552 3479 Philoponi
586 3381 779 3456 adnotatio
813 3383 881 3457 ad
896 3384 1012 3461 verba
1043 3385 1258 3459 Aristotelis
1288 3381 1329 3453 dc

266 3499 337 3574 Αιι.
362 3497 453 3575 [5
477 3510 589 3578 τοῦτο
615 3502 851 3583 πέπονθεν
832 3535 853 3582 ο
879 3510 959 3585 ἐν
945 3512 1024 3592 τοῖς
1046 3508 1245 3608 Ὀρφικοῖς
1268 3533 1328 3581 κα

269 3601 498 3721 inopinate
485 3629 585 3700 ἔπεσι
598 3621 727 3728 λόγος,
754 3624 889 3722 quibus
914 3626 1005 3700 haec
1030 3625 1245 3725 adscripsit.
1268 3651 1328 3701 κα

210 3789 223 3825 ι
268 3737 459 3890 λοιμένοις
484 3744 602 3833 εἶπεν,
629 3744 826 3843 ἐπειδὴ
778 3778 830 3845 μη
855 3748 992 3825 δοκεῖ’
998 3750 1152 3850 Ορφέως
1177 3749 1270 3826 εἶναι
1285 3743 1381 3820 τὰ

264 3847 358 3958 insi,
394 3862 445 3948 ὥς
470 3864 534 3940 καὶ
558 3866 672 3953 αὐτὸς
696 3871 739 3946 ἐν
762 3875 840 3954 τοῖς
869 3869 954 3970 περὶ
979 3868 1202 3970 φιλοσοφίας
1228 3829 1381 3970 λέγει·

270 3983 388 4061 αὐτοῦ
412 3981 483 4083 μὲν
507 3982 582 4087 γάρ
609 3992 681 4065 εἰσι
705 3989 754 4065 τὰ
779 3986 970 4094 δόγματα·
1007 3999 1129 4069 ταῦτα
1153 3990 1200 4069 de'
1220 4009 1325 4090 φησιν
