2800 4759
40 1861 44 1920 l

40 1937 43 1960 Ι

36 2173 41 2296 Ι

473 230 750 286 oranter.
1066 215 1143 290 285

83 392 249 487 partitam
284 385 458 478 fecimus,
496 386 699 462 secundum
734 401 801 462 est
860 389 916 472 Ac
945 394 1146 471 Pausanias

85 510 227 607 quidem
260 510 308 584 X.
342 511 385 583 4.
416 510 663 605 conjecturam
684 510 802 600 fecit,
853 512 1068 613 Panopeum
1106 520 1147 591 in

84 630 147 703 Od.
174 631 239 706 XI.
267 630 352 704 581.
378 630 464 704 ideo
490 630 723 731 Καλλίχορον
755 629 848 721 dici,
883 635 984 732 quod
1009 636 1148 731 Thyia·

83 750 141 824 des
152 755 196 851 [²]
225 753 371 827 Atticae
396 743 620 826 Parnassum
643 763 813 850 petentes
844 754 911 827 illo
945 757 1027 830 loco
1063 782 1147 836 can·
1234 837 1237 848 ,

82 885 134 945 tue
159 873 398 972 tripudiaque
418 873 528 947 edere
548 863 713 948 solemne
731 873 936 949 habuerint.
976 878 1053 953 Sed
1077 881 1147 953 fal·

81 995 171 1067 litun.
205 994 320 1069 Nam
347 995 582 1096 καλλίχορος,
619 997 701 1070 sive
728 997 919 1093 epitheton
951 1010 1027 1089 est,
1066 1002 1147 1075 sive

81 1137 209 1188 nomen
243 1114 478 1213 quorundam
510 1117 678 1188 locorum
714 1118 928 1214 proprium,
966 1128 1011 1193 ut
1042 1125 1148 1219 putei

81 1235 189 1309 Attici
223 1247 285 1309 et»
299 1238 405 1312 fluvii
439 1237 730 1334 Paphlagoniae,
783 1261 866 1330 csun
900 1240 1020 1312 choris
1055 1203 1148 1313 nihil

83 1380 272 1440 commune
298 1357 410 1430 habet
434 1380 471 1433 v.
496 1357 608 1452 llgen.
634 1355 683 1429 ad
709 1357 758 1431 H.
784 1362 825 1431 in
851 1356 932 1432 Cer.
947 1360 1008 1433 99.
1034 1377 1155 1459 quau·¹

80 1501 185 1575 quam
219 1476 270 1552 ad
300 1492 435 1576 puteos
470 1478 623 1551 choreas
659 1478 849 1553 institutas
874 1503 955 1554 esse
981 1505 1148 1580 praeser-

80 1600 143 1671 tim
168 1602 192 1672 ο
215 1600 353 1696 puellis
378 1611 555 1698 aquatum
569 1600 727 1689 «missis,
752 1599 852 1673 haud
878 1624 972 1697 nego
981 1599 1037 1702 [Ἴ.
1071 1603 1148 1678 Nec

80 1721 214 1793 lirurius
241 1734 498 1815 argumentum
523 1719 679 1819 praebet
703 1720 989 1796 Andromachae
1022 1726 1148 1797 mariti

80 1841 175 1914 luctu
189 1895 192 1900 ·
207 1842 375 1914 furesrtis.
398 1865 481 1915 cum
514 1841 699 1916 Maenade
732 1844 962 1938 comparatio
994 1841 1036 1917 ll.
1062 1844 1147 1918 XX.

82 1962 176 2036 loo..
214 1965 251 2035 ls
278 1965 378 2035 enirn
402 1964 506 2036 locus
532 1985 615 2037 cum
640 1964 682 2062 [a
710 1961 771 2034 Vl.
799 1963 885 2037 389.
917 1965 984 2036 ubi
1016 1964 1146 2039 eadem

82 2096 117 2155 et
139 2083 292 2157 eandem
326 2083 375 2157 ob
408 2106 558 2157 causam
590 2082 825 2182 progreditur
857 2087 1065 2187 μαινομένῃ
1097 2092 1148 2162 cl-

82 2209 182 2295 κοῖο,
220 2216 363 2277 tantam
389 2205 672 2279 similitudinem
692 2205 828 2310 habet,
868 2217 911 2281 ut
942 2208 1008 2282 uix
1041 2206 1149 2279 dubi·

81 2326 151 2396 tari
173 2329 310 2423 possit,
338 2328 426 2423 quin
452 2327 588 2420 exilio
616 2350 813 2425 expressus
840 2338 879 2400 et
893 2306 1148 2426 'interpolatus

82 2446 137 2517 sit
185 2447 236 2519 Et
267 2448 396 2520 mirari
428 2447 549 2537 subit,
586 2447 665 2521 fere
700 2469 830 2523 omnes
856 2448 977 2536 locos,
1015 2447 1148 2546 quibus
1184 2501 1191 2510 „

84 2634 186 2701 omittit,
211 2654 265 2707 que
283 2638 368 2707 ejecto
387 2635 426 2691 sic
443 2631 620 2691 scribendum
644 2634 772 2761 Σισύρου
790 2668 826 2678 -
842 2633 948 2709 τάφους
964 2635 1014 2691 οὐκ
1031 2634 1067 2691 ἂν
1084 2636 1149 2693 οὐδὲ

87 2706 165 2774 ζητοίη
188 2726 235 2768 τις.
262 2709 321 2778 qui
345 2709 521 2763 Eumelum
545 2708 692 2777 legerit,

85 2776 262 2848 utriusque
285 2780 493 2833 inveniendi
518 2796 608 2849 spem
632 2779 735 2848 plane
762 2778 972 2846 abjecturus
989 2779 1051 2843 sit,
1071 2796 1148 2847 quc-

63 2844 147 2900 'rum
170 2849 318 2902 alterum
343 2868 382 2902 ue
406 2851 553 2904 Nestori
578 2850 716 2919 quidem
741 2855 977 2913 monstratum,
1001 2848 1149 2901 alterurn

87 2917 136 2970 vel
150 2936 287 2974 suorum
306 2922 505 2991 aequalium
523 2921 711 2992 perpaucis
729 2925 843 2974 notum
861 2936 938 2972 esse
956 2918 1050 2978 dicit
1078 2924 1151 2990 φασί

742 2708 805 2761 aud
829 2710 905 2761 scio
932 2724 972 2760 au
990 2709 1148 2778 sepulcri

35 3041 38 3052 ,
85 2987 134 3045 scil.
159 2988 192 3042 τὰ
217 2986 348 3063 Εἰμῆλοα
373 2987 575 3065 συγγράμματα
600 2993 618 3044 i.
643 3010 666 3043 e.
690 2991 777 3079 poesis
795 2990 945 3054 Corinthia,
970 2991 1044 3075 cpjus
1062 2990 1149 3060 paullo

34 3071 39 3118 ι
84 3067 140 3111 arte
155 3061 185 3112 C.
208 3062 245 3113 Il.
263 3063 360 3115 mentio
376 3065 442 3127 fuit,
466 3070 496 3115 ut
513 3063 545 3120 L.
564 3063 611 3115 VI.
629 3063 655 3114 2.
671 3081 706 3115 τα
720 3053 836 3120 ’fflllor
854 3064 925 3131 φασὶ
941 3079 1103 3133 γραμματα,
1122 3066 1150 3113 et

84 3127 122 3181 lV.
139 3130 180 3182 18.
198 3133 251 3200 ἔπη
270 3138 354 3203 φασί,
374 3134 425 3185 nisi
441 3134 491 3185 hoc
508 3141 539 3186 ut
555 3152 634 3203 saepe
652 3149 699 3203 pro
718 3139 789 3205 φησί
804 3133 938 3201 surrepsit.

33 3223 36 3282 l
147 3235 351 3305 [quarentes
368 3237 402 3290 X.
420 3238 446 3290 6.
463 3238 489 3291 2.
508 3239 623 3292 affirmat
640 3238 777 3306 Thyiades
796 3256 813 3290 a
830 3225 928 3307 Thyia
937 3235 1064 3306 (Castalii
1081 3234 1151 3302 filia)

33 3315 34 3320 ’
85 3318 167 3360 numen
198 3308 306 3362 habere.
338 3308 470 3362 Hesiodus
493 3327 556 3363 vero
580 3310 696 3380 Thyiam
722 3309 889 3362 Deucalionis
913 3308 995 3361 liliam
1019 3306 1084 3359 dicit
1105 3305 1150 3357 ur.

84 3371 252 3431 LXXXVIII.
277 3380 359 3432 filiurn
382 3379 494 3432 Locrum
520 3382 564 3432 Fr.
590 3381 636 3432 XI.
660 3379 729 3431 unde
754 3380 882 3449 suspicari
906 3379 990 3449 possis
1007 3376 1150 3449 Delphicas

84 3442 214 3515 Thyiades
233 3450 259 3500 ei
275 3457 352 3500 notas
368 3451 457 3502 fuisse.
499 3450 558 3502 Has
574 3451 724 3518 significare
740 3447 845 3502 videtur
861 3450 1023 3517 Hesychius:
1044 3450 1150 3518 Θεωρί-

84 3512 131 3584 δος,
150 3519 179 3570 αἱ
195 3521 261 3591 περὶ
279 3515 418 3573 Διόνυσον
434 3526 571 3591 γυναῖκες.
606 3521 683 3591 Apud
701 3521 822 3574 Nonnunr
839 3520 887 3573 IX.
906 3520 965 3572 261.
983 3518 1150 3590 παρθενικαὶ

83 3587 207 3659 θεωρίδες
224 3589 340 3657 Apollini
357 3596 510 3659 operantur,
528 3591 633 3660 utrique
650 3593 699 3644 deo
717 3590 852 3659 Thyiades
870 3590 949 3642 Paua.
967 3588 999 3641 X.
1018 3587 1062 3640 92.
1079 3586 1103 3640 5.

149 3691 185 3762 [l]
205 3693 283 3745 Philo
307 3694 340 3745 de
362 3695 415 3747 vit.
440 3695 508 3747 Mos.
526 3695 559 3748 L.
577 3695 599 3748 Ι.
616 3694 678 3747 649.
692 3692 796 3764 χοροὺς
812 3695 878 3766 περὶ
894 3690 924 3767 sd
943 3696 1032 3764 φρέαρ
1051 3693 1082 3747 ἐν
1099 3688 1149 3745 κύ-

84 3761 133 3830 κλῳ
150 3759 302 3829 στήσαντες.
322 3766 458 3835 Geopoun.
475 3765 508 3818 L.
526 3766 573 3818 Xl.
590 3764 617 3817 4.
635 3764 696 3816 797.
710 3765 879 3824 Ἐτεοκλέους
895 3762 992 3823 παῖδες
1009 3762 1150 3837 dropped-

84 3849 160 3898 μενοι
175 3841 235 3896 ταῖς
251 3841 331 3897 θεαῖς
348 3840 386 3896 εἰς
403 3841 492 3908 φρέαρ
511 3831 707 3906 terroremve
724 3840 863 3888 πίπτουσι.
882 3833 1015 3886 Plutarch.
1028 3834 1060 3885 de
1073 3833 1149 3884 adul.

86 3905 111 3951 ei
133 3905 186 3957 Asu.
210 3905 297 3959 Diser.
322 3925 345 3959 c.
371 3904 415 3957 lo.
439 3925 465 3976 p.
481 3907 551 3960 Ι218.
573 3901 827 3977 προςαπολλὺοοσιν
850 3901 947 3964 αὐτοὺς
970 3920 1020 3969 την
1036 3904 1101 3976 περὶ
1118 3900 1149 3955 τὸ

87 3978 169 4046 φρέαρ
193 3969 308 4048 ὄρχησιν
330 3976 449 4047 ἀτεχνῶς
465 3973 636 4047 ὀρχούμενοι·
654 3975 701 4048 ubi
719 3973 922 4042 Wyttenbaehio
940 3973 1004 4027 nihil
1021 3972 1149 4026 mecurrit

87 4051 184 4107 paster
200 4045 367 4117 proverbium
385 4043 479 4108 Λύκος
494 4051 558 4119 περὶ
575 4045 605 4101 τὸ
624 4051 714 4120 φρέαρ
730 4041 848 4117 χορούει.
