2800 4759
217 329 219 333 .
263 251 314 330 20
527 307 530 312 .
619 253 763 313 uranu
785 233 977 308 'uulnus¹

266 417 554 500 concelebranda
585 393 790 491 Eleusinia·
817 410 1077 496 confluebant,
1105 403 1155 477 in'
1177 420 1335 498 aequum

266 567 373 622 suum
395 546 458 642 jus
483 542 697 638 reciperent
727 535 830 625 Quis
845 543 957 632 porro
983 528 1111 616 nescit,
1135 525 1383 609 Romanos,

265 689 423 788 quorum
447 663 613 763 plurimi
624 658 816 733 Eleusinia
842 661 1077 751 aecepertmt,
1102 646 1281 760 alienam
1289 642 1339 714 ci-

266 790 423 862 vitatem
450 784 653 862 adsciscere
678 799 754 850 non
779 777 959 874 potuisse,
985 772 1074 870 quin
1098 789 1216 840 suam
1212 762 1339 835 amit·

268 907 410 982 terenti
448 904 520 977 His
560 898 733 973 omnibus
766 897 964 984 evincitur,
995 889 1185 964 lulianum
1218 894 1339 957 sectae

269 1031 417 1123 cynicae
450 1017 639 1097 addictum
673 1015 906 1128 eundemque
939 1012 1173 1086 coelestium
1186 1006 1341 1078 cerimo-

268 1151 413 1224 niarum
447 1143 805 1252 reverentissimum,
838 1123 944 1209 illam
979 1129 1205 1205 defensionis
1229 1124 1343 1199 ratio-
1363 1191 1369 1204 ,v

269 1283 373 1356 nem,
405 1260 478 1364 qua
502 1264 717 1357 magistrum
744 1261 898 1332 crimine
924 1237 1131 1328 contemtae
1151 1242 1342 1341 religionis

268 1377 453 1475 liberaret,
479 1396 612 1480 suopte
637 1379 857 1479 reperisse
844 1380 992 1473 mgenio
1011 1377 1102 1450 sive
1124 1370 1265 1470 potius
1276 1385 1343 1439 ve

266 1497 385 1582 terem
418 1504 583 1578 fabulam
607 1523 767 1594 eorum,
804 1501 867 1595 qui
898 1496 1098 1570 Herculem
1124 1503 1162 1565 et
1185 1489 1344 1563 Dioscu-

270 1651 344 1716 ros,
370 1649 483 1725 quum
496 1619 651 1697 initiari
678 1621 829 1709 vellent,
855 1642 878 1690 a
904 1616 1047 1691 civibus
1067 1613 1201 1687 Atticis
1222 1605 1344 1700 adop-

271 1732 367 1820 tatos
394 1739 601 1863 ferunt[]‚
628 1743 677 1816 ad
700 1741 883 1837 Diogenis
909 1749 1082 1842 tempora
1099 1728 1344 1805 transtulisse

273 1865 444 1940 Ceterum
483 1859 559 1937 non
594 1864 838 1936 necessariam
880 1877 960 1932 esse
993 1860 1107 1930 istam
1138 1848 1346 1923 excusatio·

172 2017 200 2037 ²
271 2009 357 2059 nem
391 1986 578 2058 declarant
609 1985 785 2071 Zenonis,
812 1980 1000 2053 Cleanthis
1027 1989 1064 2050 et
1089 1970 1256 2048 Panaetii
1282 1985 1347 2040 ex-

273 2105 396 2204 empla
414 2106 459 2202 []
495 2107 684 2179 civitatem
711 2104 881 2206 Atticam
915 2099 1165 2172 recusantium
1196 2096 1261 2169 ινα
1291 2084 1345 2185 μὴ

271 2224 418 2313 δόξωσι
434 2225 502 2309 τὰς
525 2226 653 2303 αὐτῶν
673 2224 856 2325 πατρίδας
880 2222 1033 2298 ἀδικεῖν.
1057 2242 1094 2292 v.
1120 2213 1204 2288 infr
1229 2211 1272 2285 L.
1297 2205 1344 2279 ll.

274 2369 301 2418 c
328 2346 391 2418 111
418 2341 451 2446 ξ
478 2345 513 2416 3.
535 2354 674 2442 notp.
695 2344 745 2416 si
771 2365 862 2417 vero
889 2340 1045 2438 quilibet
1069 2356 1179 2411 uuus
1185 2334 1345 2406 Graeco-

272 2487 354 2536 rum
387 2465 445 2537 his
479 2467 591 2536 sacris
624 2467 802 2536 interesse
827 2464 970 2584 potuit,
1003 2463 1036 2533 si
1062 2462 1182 2545 cives,
1208 2449 1345 2534 exteri,

273 2584 358 2672 viri,
391 2583 595 2673 foeminae,
628 2583 726 2672 noti,
758 2581 896 2677 ignoti,
928 2583 1115 2679 principes
1140 2574 1357 2668 vulgusquex

274 2702 429 2777 admissi
454 2717 557 2795 sunt,
582 2716 693 2801 quot,
720 2725 880 2800 quaeso,
904 2703 1004 2775 illius
1030 2700 1164 2775 arcani
1180 2692 1360 2768 conscios.

176 2921 180 2928 .
274 2825 389 2898 fuisse
414 2845 563 2897 necesse
589 2826 661 2896 est!
688 2821 722 2894 Ε
749 2825 887 2895 cunetis
915 2799 1091 2895 Graeciae
1117 2811 1346 2893 solemnibus
1382 2847 1383 2850 ¹

271 2945 419 3017 nullum
445 2946 516 3019 suit
540 2946 625 3041 pari
642 2943 827 3035 religione
851 2941 1077 3037 praeditum3
1101 2934 1303 3013 Athenae
1289 2953 1348 3029 rp-

275 3087 338 3137 sae
370 3065 442 3136 hoc
474 3066 569 3137 festo
602 3060 780 3159 tempore
805 3060 1043 3133 multitudine
1068 3059 1348 3157 peregrinorum
1382 3075 1383 3078 ’

275 3181 432 3254 refertae
466 3195 570 3255 erant
585 3183 667 3279 [⁸⁸],
702 3202 920 3278 omnesque,
952 3182 1024 3277 ‚qui
1054 3201 1167 3277 quum
1193 3181 1348 3276 possent

276 3302 434 3391 initiari,
475 3323 550 3372 non
590 3302 729 3440 initiati
769 3313 908 3397 essent,
946 3301 1048 3395 vulgi
1080 3311 1176 3372 certe
1196 3294 1383 3393 Judicio
1382 3317 1383 3320 ’

347 3501 385 3576 [ff]
404 3524 429 3560 v.
436 3505 547 3559 0.rell
563 3506 596 3559 od
619 3437 758 3577 uplst.
727 3507 804 3559 Socr
827 3525 853 3578 p
876 3506 938 3561 263.
961 3506 1021 3559 Hoc
1045 3504 1146 3558 eludis
1162 3502 1274 3574 publicis
1290 3507 1358 3558 trs-

278 3576 381 3629 duetum
406 3577 523 3641 ridetur3
548 3575 708 3631 Philammon
733 3577 767 3629 ad
791 3595 898 3646 agonem
922 3595 974 3631 non
997 3576 1123 3634 admissus
1144 3576 1295 3646 priusquam
1311 3568 1345 3622 ab

180 3667 192 3680 ⁸
263 3647 417 3699 ‘Aristotele
434 3647 571 3717 adoptatus
587 3654 660 3699 esset
678 3648 805 3701 Theruist.
824 3650 872 3701 Or
890 3648 962 3701 xxi.
977 3646 1040 3699 249.
1053 3641 1132 3698 D.

237 3807 239 3812 Δ
278 3732 537 3871 ΟΡΡ[7](πιίιιιιιιιιι.
555 3723 636 3787 Stolo.
654 3733 775 3804 Repugn.
793 3735 839 3788 IV.
857 3732 917 3789 340.
935 3734 971 3790 T.
988 3734 1064 3788 XIII
1081 3732 1167 3786 Procl.
1185 3731 1218 3784 od
1236 3724 1342 3783 Hesiod

347 3888 403 3958 [ει]
422 3890 544 3944 Philostr.
568 3891 599 3942 V.
622 3889 708 3975 Apoll.
732 3891 755 3944 Ι.
775 3892 822 3955 18,
843 3890 901 3943 155.
924 3893 989 3965 περι
1011 3907 1100 3962 μυστη
1083 3895 1167 3961 ηρίων
1184 3885 1272 3963 ὥραν,
1296 3879 1340 3939 ὅτε

273 3954 411 4024 Ἀθηναῖοι
435 3958 777 4049 noivnvdqtondraroc.
757 3962 888 4013 Aristides
912 3960 1024 4014 Panath.
1048 3980 1074 4030 p.
1095 3959 1152 4013 191
1170 3958 1286 4029 dryadia
1303 3953 1339 4018 τῷ

270 4025 421 4100 Ἐλευσινίῳ
439 4033 547 4092 πλείους
563 4051 580 4098 η
599 4033 627 4087 οἱ
642 4032 777 4105 ἕτεροι·
744 4051 776 4106 ιη
793 4029 866 4104 πάσῃ
884 4027 972 4085 πόλει.
