2800 4759
250 178 326 254 312
569 189 714 246 omna
740 191 1000 246 senonens,
1062 145 1099 184 ‘⁸

250 347 353 428 nram
379 370 607 425 communes
620 348 743 422 fontes
769 345 905 421 habere
930 344 1030 420 haud
1056 367 1156 422 vana
1179 350 1326 421 ratione

252 471 487 547 affirmamus.
538 470 614 546 Nec
639 469 712 543 fnit
734 468 855 544 ullum
878 477 1025 565 tempus
1048 467 1178 542 talium
1198 490 1325 567 supm-

253 594 447 667 stitionum
473 589 718 665 foecundius..
753 588 906 676 Etenim
924 591 1028 686 post
1060 587 1258 662 decursum
1282 589 1326 662 il-

187 749 189 752 ·
251 714 325 786 lius
351 711 558 787 felicissimi
582 710 705 799 aovi.
725 709 830 803 cujus
863 710 1062 805 imaginem
1093 712 1135 783 in
1169 708 1327 784 Homeri

254 832 479 907 carminibus
506 835 724 930 expressam
750 826 941 919 videmus,
966 852 1102 925 magna
1125 852 1251 904 rerum
1278 832 1327 904 ci-

253 953 387 1043 vilium
410 951 487 1026 ¹sed
518 953 638 1026 multo
677 950 800 1046 major
831 950 1070 1045 religionum,
1103 947 1325 1040 studiorum,

253 1073 491 1148 voluntatum
507 1073 706 1147 'conversio
725 1083 950 1168 consequuta
968 1082 1007 1144 et
1022 1072 1199 1147 universa
1212 1069 1323 1143 Grae·

255 1195 311 1266 cia
336 1194 377 1265 in
401 1199 548 1267 tantum
574 1202 823 1281 mutassem,
861 1192 962 1263 ut'si
987 1193 1070 1289 quis
1095 1189 1144 1284 ab
1169 1189 1325 1264 Homeri

255 1313 413 1385 lectione
437 1336 519 1387 sese
544 1313 595 1388 ad
619 1334 684 1386 eos
701 1315 901 1411 scriptores
915 1312 1131 1400 transierat,
1156 1313 1220 1410 qui
1235 1323 1325 1386 tom·
1357 1347 1360 1350 ·

254 1455 346 1531 pore
379 1432 470 1525 belli
501 1435 637 1509 Persici
670 1436 817 1523 virore,
836 1465 839 1470 ·
860 1433 966 1508 velut
995 1435 1039 1506 in
1070 1432 1185 1506 aliam
1220 1454 1325 1506 oram

256 1552 401 1626 delatus
433 1557 501 1631 vix
532 1556 619 1629 illos
652 1552 993 1630 veromadensem
1025 1575 1224 1649 agnoscere
1255 1552 1324 1628 silri

246 1671 457 1766 videatur„
473 1678 538 1774 qui
562 1675 652 1749 laeti
666 1673 944 1774 praesentibus,
970 1674 1181 1749 filtruomrn
1195 1675 1325 1764 securi,

255 1779 396 1891 promti
428 1793 478 1867 ad
509 1794 713 1891 agendum,
745 1804 913 1870 actorum
937 1797 1194 1885 immores,
1227 1795 1323 1870 solli·

256 1912 431 1988 citudinis
457 1924 496 1987 et
521 1918 797 2015 snperstitionis
823 1936 953 1988 causas
978 1914 1107 2012 procul
1131 1913 1318 1988 habebant.

258 2032 333 2106 Sed
358 2033 425 2107 ubi
449 2034 583 2109 Graeci
615 2035 849 2110 adolescente
879 2034 1073 2134 paulisper
1102 2037 1254 2134 ratione⁸
1268 2037 1319 2109 in·
1379 2071 1380 2076 ¹

178 2251 182 2262 J
257 2152 409 2225 volutas
435 2156 552 2229 animi
576 2156 838 2251 intelligentias
861 2167 1032 2232 eccumre
1063 2166 1114 2228 et·
1127 2168 1248 2232 semet
1269 2162 1322 2254 ip
1378 2103 1380 2230 l

170 2378 173 2382 Ι
258 2291 320 2345 sos
347 2295 563 2368 cognoscere
589 2288 809 2373 coeperunt,
844 2288 924 2350 tum
949 2276 1017 2349 illa
1041 2279 1214 2351 successit
1247 2299 1322 2351 ma·

260 2394 378 2496 tutior
404 2406 507 2468 aetas
534 2406 572 2469 at
597 2387 810 2488 sollicitior,
845 2396 895 2471 ad
927 2419 1039 2495 quam
1054 2395 1230 2494 ‚profecti
1255 2397 1322 2470 lic-

258 2513 378 2588 mines
394 2526 474 2588 tum
490 2517 730 2615 voluptatum
748 2531 829 2593 tum
847 2519 999 2595 virtutis
1020 2516 1190 2590 stimulos
1207 2519 1321 2592 auritos

260 2635 475 2732 acutiusque
500 2642 787 2736 persentiscunt,
822 2640 917 2713 inter
943 2635 1319 2736 darnnataappetita·

263 2774 334 2849 qne
359 2754 511 2831 alternis
536 2758 773 2850 fluctuantes,
807 2781 940 2855 magno
967 2781 1051 2831 curn
1083 2759 1200 2831 animi
1224 2768 1323 2832 motu
1376 2785 1379 2814 2

259 2879 298 2945 'et
313 2895 435 2974 saepe
460 2878 585 2954 taedio
610 2882 679 2954 sui.
717 2879 830 2956 Hinc
859 2902 984 2955 rerum
1008 2878 1218 2953 abditarum
1238 2899 1324 2951 cura

260 3003 299 3063 et
323 3000 472 3072 venturi
497 3002 693 3098 praesagia
725 3012 763 3074 et
787 3001 1010 3098 multiplices
1036 3002 1321 3098 superstitiones,

138 3177 142 3198 .
184 3213 188 3223 1
260 3135 353 3210 quas
393 3119 525 3194 salutis
565 3119 778 3219 desperatio
817 3120 1067 3218 scelerumque
1105 3120 1322 3194 conscientia

260 3238 477 3331 progignere
508 3241 614 3314 solet.
674 3237 788 3335 Culus
819 3263 943 3318 novae
976 3242 1108 3316 aetatis
1140 3243 1181 3314 in
1214 3240 1321 3314 Grae

163 3357 167 3368 '
261 3356 355 3430 dam
381 3359 584 3453 ingressum
611 3373 649 3438 et
673 3362 831 3457 vestigia
856 3363 1054 3460 quominus
1080 3364 1179 3435 clare
1204 3381 1320 3436 censa·
1377 3349 1378 3376 ¹

320 3491 321 3494 Ἰ
1278 3461 1287 3492 l

260 3519 364 3564 morata
389 3517 431 3565 est
447 3514 471 3566 Α
489 3515 560 3576 ollini
576 3515 773 3582 intromisso,
790 3515 863 3585 cujas
880 3509 974 3586 religio
991 3519 1026 3572 sb
1042 3517 1188 3571 Homericis
1204 3501 1319 3584 tellpori-

259 3579 309 3654 bns
324 3581 426 3668 *aliena
467 3530 543 3648 Hune
560 3586 736 3657 Hippocrates
753 3586 859 3656 scripsit
874 3587 902 3641 in
919 3588 970 3660 Ep.
988 3588 1023 3641 sd
1040 3588 1143 3659 Philop.
1160 3605 1187 3658 p.
1204 3587 1262 3639 909.
1279 3588 1318 3649 lq-

260 3669 337 3718 rpexu
360 3656 408 3705 καὶ
429 3653 547 3724 μαντικὴ
573 3660 620 3710 καὶ
642 3652 717 3710 πάνυ
739 3663 880 3728 συγγενεῖς
896 3662 966 3726 εἰσι,
984 3660 1046 3714 ἐπεὶ
1062 3661 1180 3712 καὶτῶν
1197 3654 1245 3712 δύο
1262 3670 1319 3722 τεχ-

261 3724 332 3774 νέων
354 3721 443 3797 πατὴρ
461 3720 500 3786 εἷς
518 3722 665 3782 Ἀπόλλων·
685 3734 713 3780 et
729 3728 819 3781 eodem
835 3728 892 3781 sere
909 3728 985 3782 modo
1002 3727 1152 3783 Macrobius
1169 3729 1226 3781 Sat.
1243 3726 1264 3779 l·
1279 3724 1318 3775 20·

261 3795 340 3859 atque
364 3792 519 3849 Enstatlrins
542 3815 567 3866 p.
585 3796 628 3850 48.
654 3797 779 3884 Melampi
801 3804 829 3852 et
850 3798 954 3867 Polyidi
977 3799 1100 3871 exemplis
1117 3816 1195 3864 osus,
1212 3794 1273 3850 nihil
1286 3791 1317 3845 sd

103 3891 107 3897 ι
261 3860 401 3916 Homerum
417 3867 564 3934 pcrtinenta
579 3885 627 3920 nec
643 3886 734 3923 nomen
750 3886 834 3940 rpsurs
851 3868 978 3939 Apollinis
995 3871 1046 3924 stsl
1063 3871 1228 3924 deriveturs
1244 3864 1316 3919 verbo

166 3941 168 3946 ’
261 3929 388 3987 ἀπίλλειν
410 3953 436 3987 r.
453 3936 567 3990 clavier.
584 3938 656 3993 Hist.
671 3940 697 3993 d.
714 3956 794 4011 prssn.
811 3945 904 4011 inops.
921 3940 943 3994 Ι.
961 3958 987 4013 p.
1005 3940 1048 3996 85.
1065 3947 1165 3996 cottum
1181 3940 1253 4009 liujus
1268 3949 1316 3990 nu·

262 4002 332 4056 omis
348 4004 471 4060 indicium
487 4008 602 4080 praebet
