2800 4759
280 196 358 278 402
616 207 1041 272 clausessoouous.
1096 229 1100 238 ·

80 399 83 408 «
189 447 192 456 ,
230 373 233 384 ’
282 343 443 448 suun
473 366 537 448 au.
557 365 1050 464 ostenderemus
1082 367 1345 464 eam-nnn

282 493 409 570 subc
426 491 455 564 l.
481 490 564 566 sive
590 485 741 563 dcxv.
770 484 864 562 tot·
880 481 920 562 C.
953 486 994 558 in
1025 484 1269 561 traduoeffl'
1284 487 1347 560 (lr-

281 614 370 715 pbei
401 609 539 714 sabulis
573 610 960 708 Phauabemquoqus
993 605 1157 682 dosidem
1193 607 1367 708 Musica·

281 736 341 813 lot
372 742 489 811 πᾶσιν
522 733 542 810 ὅ
577 729 712 827 φάνης
742 757 781 804 se
812 727 932 804 said
961 730 1204 830 Ἠρικαπαῖος
1229 728 1346 804 soii

281 852 426 940 πάντας
450 851 668 932 καταπίνων
690 847 781 935 ‘eodo
804 850 943 934 ἄλλως
965 848 1028 925 εἶτ’
1056 847 1264 936 candidoris
1285 852 1347 925 de

282 975 369 1066 οὓς,
403 978 476 1052 ἵνα
492 975 643 1079 γένηται
666 969 789 1071 πατὴρ
813 969 973 1072 ,ἀνδρῶν
997 999 1037 1048 τε
1050 974 1166 1050 «θεῶν
1192 1000 1244 1047 τε.
1279 990 1347 1066 quo

280 1096 364 1176 loco
397 1105 519 1191 neque
551 1093 772 1180 sumtuum,
808 1099 928 1190 neque
954 1088 1157 1168 Phanetou
1190 1099 1259 1164 aut
1292 1086 1347 1162 Je

281 1239 371 1289 num
404 1214 560 1309 intelligi
593 1211 660 1286 sed
691 1210 827 1286 lovem
862 1210 1043 1285 adversus
1070 1212 1279 1286 Gesnerum
1304 1208 1348 1283 ad

281 1334 397 1434 Orpb.
422 1356 459 1432 p.
487 1333 572 1414 192.
598 1344 637 1408 et
663 1331 902 1436 visceralium.
920 1328 1108 1430 PisGlem
1134 1330 1177 1412 Τ.
1203 1331 1267 1406 Ἦ.
1295 1330 1347 1404 13.

279 1453 512 1544 demonstrat
541 1454 664 1551 Zoegs
686 1451 858 1540 Bassirel.
893 1450 936 1528 Τ.
960 1452 1008 1525 u
1023 1481 1028 1542 ς
1040 1476 1078 1552 p.
1107 1450 1192 1530 167.
1223 1450 1346 1528 dextre

100 1551 138 1592 ⁸
280 1598 370 1650 usus
405 1573 544 1649 Suidae
577 1588 614 1648 et
641 1574 872 1648 scholiastae
903 1574 1048 1663 verbis,
1082 1594 1178 1670 quae
1203 1572 1347 1654 sicuta

279 1696 392 1770 Billio
418 1718 598 1771 conversa
629 1707 720 1769 sunt
741 1699 843 1790 (nam
875 1694 1014 1790 maenis
1034 1693 1102 1766 «uti
1132 1714 1209 1768 non
1233 1692 1346 1786 licuit)

281 1816 505 1902 adscribam:
565 1818 616 1892 ln
662 1815 884 1914 Orphicis
930 1811 1219 1888 carminibus
1265 1833 1345 1888 nus

282 1959 382 2012 cum
417 1938 529 2011 aliis
564 1936 657 2011 diis
690 1934 932 2012 inducitur
965 1935 1106 2007 etism
1138 1934 1216 2010 hio
1239 1933 1342 2008 Pha-

280 2080 361 2131 nes
396 2056 675 2131 obscoenam
709 2056 924 2155 eorporis
958 2068 1139 2152 partem
1165 2052 1222 2127 ad
1249 2053 1341 2127 lon-

186 2185 191 2192 '
282 2189 372 2252 tem
398 2173 537 2282 (πηγήν
561 2176 651 2272 legit
676 2199 745 2274 pro
772 2174 912 2284 nebda)
945 2173 1140 2265 habeus,
1168 2173 1343 2247 eodem-

281 2295 418 2372 modo
445 2308 490 2370 et
514 2297 818 2395 Ericapaeus.
868 2294 930 2370 Ac
956 2296 1133 2370 Phanes
1166 2294 1341 2394 quidem

281 2418 424 2494 vitali
449 2418 672 2492 facultati
698 2415 974 2522 praesidere
999 2417 1215 2513 lingitur,
1248 2416 1343 2489 Eri·

282 2561 482 2637 capaeus
509 2549 665 2614 autem
685 2539 829 2613 alteri
855 2536 1057 2628 cuidam,
1083 2536 1344 2636 prodigiosi

281 2658 517 2735 videlicet
561 2658 746 2757 quidam
791 2658 860 2732 dii
895 2667 941 2731 et
978 2656 1244 2732 execrandi.
1291 2655 1343 2730 At

281 2802 392 2855 vero
423 2777 507 2881 'per
540 2779 670 2853 deum
705 2778 818 2853 deos
855 2800 1013 2853 omnes
1049 2776 1343 2855 devorantem

182 2885 184 2890 ’
232 2955 235 2959 -
282 2899 820 2995 Saturnumintelligit.
856 2924 894 2998 p.
930 2899 1017 2974 384.
1052 2899 1094 2973 Β.
1151 2899 1342 2997 Duplioem

282 3043 463 3110 errorem,
509 3042 582 3119 quo
615 3021 759 3094 Phanes
795 3018 859 3116 ab,
877 3022 1081 3118 Ericapaeo
1115 3019 1343 3116 distinguitur

282 3154 320 3215 et
345 3166 441 3223 eum.
454 3141 637 3231 sabuco,
663 3164 775 3240 quem
802 3140 937 3216 Suidas
962 3155 1061 3217 recte
1087 3144 1123 3216 ei
1148 3142 1343 3244 componit,

142 3267 146 3276 '
280 3264 540 3362 permiscetur,
556 3337 560 3344 ,
576 3262 715 3363 refutat
740 3262 910 3361 Orpheus
942 3266 1036 3362 ipse.
1085 3262 1275 3336 Postremo
1300 3258 1344 3332 de

219 3455 223 3460 .
280 3405 415 3479 genero
441 3382 502 3456 dei
526 3384 726 3480 Protogoni
751 3382 852 3481 quod
878 3383 968 3458 dicit
993 3383 1190 3476 Proculus,
1221 3385 1343 3458 confir·

282 3517 408 3580 matur
442 3505 627 3580 Lactantii
663 3506 877 3579 testimonio
913 3504 955 3579 L.
987 3503 1050 3579 lV.
1086 3505 1122 3579 8.
1160 3505 1197 3580 4.
1246 3501 1341 3579 Nisi

282 3626 407 3701 forte
459 3626 841 3701 existimabimus
892 3625 1043 3716 deum,
1094 3628 1216 3701 sicut
1260 3623 1340 3698 Or-

354 3867 410 3951 [π]
428 3868 472 3921 nx
488 3868 530 3921 na
546 3847 689 3923 renem
706 3866 787 3924 note
804 3843 971 3952 ammian
985 3869 1039 3936 jam
1052 3869 1112 3922 enne
1126 3886 1160 3921 ex
1173 3868 1253 3924 laon
1265 3864 1340 3918 une

284 3938 417 4001 Crotonem
440 3940 621 3993 commentario
639 3939 757 3994 intellexi
773 3944 802 3991 et
818 3940 873 3991 dun
889 3955 916 3991 m
934 3938 1003 3991 Diss.
1021 3937 1055 3992 de
1072 3938 1111 3991 M.
1128 3939 1160 3992 Β,
1178 3939 1200 3992 1.
1218 3935 1256 3993 ts.
1272 3935 1338 4006 quod

284 4008 336 4063 alia
353 4007 397 4062 via
414 4018 568 4079 assequutus
585 4015 626 4063 est
642 4011 749 4064 Bastius
767 4009 800 4064 ad
819 4009 932 4078 Gregor.
951 4009 1013 4064 (lor.
1030 4027 1058 4080 p.
1077 4005 1119 4063 74.
