2800 4759
287 206 365 284 400
564 276 569 286 ,
607 218 751 276 mess
776 214 1047 276 securibus:

286 380 435 482 Orpheo
452 381 611 478 scriptus
625 388 751 477 putet3
777 374 874 454 neue
887 374 1089 496 clarissime
1103 390 1218 476 peter,
1244 400 1358 482 prer‘⁴

286 524 349 575 sus
381 500 428 578 eb
460 500 534 574 illis
568 499 736 574 diverses
768 498 901 587 iuiss03
925 495 1104 596 additque
1128 502 1260 587 etiem,
1288 519 1351 570 eus

285 633 324 695 et
355 621 486 696 breves
518 640 598 696 esse
624 629 662 692 et
685 640 842 716 paucum
877 618 948 692 boc
973 628 1031 692 est
1054 631 1155 692 certe
1179 618 1351 693 Homeri·

149 819 152 820 f
286 744 349 832 eie,
375 741 592 839 quibuscum
618 751 901 837 componuntur,
926 741 1136 835 pauciorem
1162 738 1274 812 bodie
1289 760 1351 812 su·

283 873 360 935 tem
393 862 578 955 octoginta
601 869 743 956 septem
769 870 1008 940 numerentur
1032 858 1175 952 Hymni
1201 857 1349 955 Orphei.

282 980 380 1055 Num
414 982 495 1078 quis
528 1001 614 1075 ergo
647 977 759 1054 dicar·
772 976 848 1052 duo
874 978 990 1050 brisse
1014 976 1254 1070 Hymncrum
1283 977 1350 1051 Or·

282 1102 474 1199 phieorum
500 1121 644 1196 genere,
660 1120 827 1195 querum
853 1120 967 1170 unum
993 1099 1191 1193 genuinum
1207 1097 1351 1193 Juciec

282 1234 340 1298 ret
363 1222 583 1310 Pemanim,
608 1219 764 1294 alterum
788 1218 835 1291 ab
858 1217 1097 1292 Onemscrite
1120 1216 1349 1313 subJectemr

283 1353 321 1414 et
361 1340 432 1414 hec
470 1340 700 1415 subditivum
735 1361 849 1434 genus
888 1336 937 1411 ed
975 1349 1106 1410 nostre
1134 1341 1347 1436 pervenisse

282 1460 474 1558 temperas
515 1461 652 1534 Mirum
691 1462 781 1557 quin
811 1460 884 1532 hae
913 1459 1082 1534 inficetas
1113 1459 1347 1557 trivialesque

282 1580 488 1652 cantilenae
518 1603 542 1652 a
566 1592 678 1678 poete
704 1593 741 1651 et
767 1578 882 1662 docte,
904 1589 942 1650 et
965 1579 1091 1656 Attico
1119 1591 1157 1652 et
1182 1578 1346 1654 Pisistra·

283 1698 444 1775 tidarum
470 1700 615 1796 eequsii
639 1698 810 1787 conditae
834 1701 929 1772 sint!
956 1699 1041 1776 Scio
1067 1696 1215 1797 quidem
1242 1700 1345 1772 eiitcr

281 1823 439 1906 semisse
481 1819 784 1910 Valckenarium,
826 1822 962 1893 summi
1002 1820 1181 1893 acuminis
1212 1822 1343 1907 virum,

281 1961 520 2039 summaeque
544 1939 754 2030 doctrinae,
781 1943 842 2039 qui
869 1939 918 2012 ad
943 1938 1084 2016 Herem·
1108 1937 1171 2042 JV.
1198 1963 1235 2036 p.
1260 1940 1341 2014 296.

281 2061 366 2134 sub
400 2059 594 2159 Orphei,
634 2061 775 2156 inquit,
814 2061 1000 2133 nominc
1033 2060 1150 2155 legit
1182 2056 1342 2134 Pausa·

255 2180 382 2252 ’nias
409 2178 627 2272 Hymnus,
654 2201 768 2276 quos
793 2179 1015 2256 babemus
1040 2182 1340 2279 superstites;

280 2299 327 2374 iu
359 2299 432 2373 his
469 2302 639 2373 merite
673 2319 888 2374 versuum
924 2301 1142 2376 miramur
1167 2302 1339 2396 elegen·

280 2419 403 2491 tiamss
460 2419 647 2516 Equidem
678 2419 834 2494 multum
869 2418 993 2493 tribue
1025 2419 1260 2496 Valckenarii
1283 2423 1339 2518 ju·

280 2537 396 2629 dicio,
442 2539 510 2613 sed
542 2541 626 2638 pius
659 2541 843 2628 Platonis,
876 2539 1068 2616 domestici
1101 2540 1250 2631 arbitri,
1281 2542 1338 2639 qui

278 2658 513 2734 vehementer
537 2660 725 2760 improbat
750 2659 963 2754 hujusmodi
988 2663 1133 2738 carmen
1160 2658 1206 2740 ὸῦ
1235 2661 1338 2740 οἰδὲν

119 2794 121 2798 ’
279 2778 447 2881 διαφέρει
478 2791 629 2882 πρῶτον.
659 2781 683 2878 ἢ
716 2778 881 2858 ὕστατόν
912 2810 949 2856 τι
984 2782 1158 2884 λέγεσθαι
1189 2781 1333 2856 Phaedr.

277 2920 316 2995 p.
341 2900 427 2973 264.
452 2900 496 2973 Ε.
529 2900 645 2999 Atqui
677 2903 711 2973 is
744 2911 803 2974 est
835 2899 1081 2997 Orphicorum
1105 2901 1335 2995 Hymnerum

194 3074 198 3081 .
278 3029 401 3108 tenor,
443 3021 483 3095 in
517 3021 648 3118 quibus
680 3020 834 3095 deorum
865 3021 1017 3094 nemine
1050 3033 1086 3092 et
1120 3023 1334 3117 cognomine

276 3138 464 3213 incondite
496 3142 579 3216 fuse
610 3143 713 3218 nulle
748 3164 817 3213 nec
848 3137 978 3212 ordine
1009 3162 1077 3213 nee
1110 3139 1254 3217 deiectu
1278 3141 1334 3214 dc-

277 3270 485 3351 eantentur,
517 3263 611 3338 nibil
643 3274 684 3339 ut
716 3264 766 3334 sit
797 3261 979 3359 primum,
1010 3259 1103 3334 nihii
1128 3262 1331 3349 secundum,

258 3388 315 3450 ret
352 3377 454 3453 idem
492 3404 640 3456 carmen
679 3402 806 3456 sursus
838 3401 968 3456 versus
998 3391 1171 3476 retroque
1204 3383 1330 3458 lectum

277 3495 434 3572 eandem
472 3522 618 3599 semper
651 3499 788 3574 haheat
826 3500 1055 3574 sententiam.
1106 3499 1331 3599 Respondeat

275 3616 434 3694 fortasse
468 3621 600 3728 aliquis
632 3621 727 3694 banc
757 3618 1020 3724 fiacsoieys'cr
1040 3618 1177 3692 directe
1210 3620 1329 3694 Etbni·

275 3739 327 3811 cis
361 3740 581 3839 exprobrari
612 3740 742 3815 March.
773 3738 835 3812 VI.
860 3741 896 3812 7.
929 3736 1134 3836 eodemque
1159 3739 1325 3814 moduirr

274 3854 436 3951 Hymnis
470 3856 763 3936 Christianorum
783 3860 980 3955 .liturgieis
1019 3857 1130 3932 deum
1170 3870 1208 3931 et
1241 3856 1325 3930 San-

274 3985 354 4049 ctus
400 3977 570 4055 fluctibus
607 3978 874 4082 *epithetemm
926 3990 964 4051 et
1010 3978 1323 4077 epiphonematum
