2800 4759
429 163 722 290 ,mmm
1043 226 1117 301 757

59 391 191 465 libatos
217 410 318 481 esse,
343 390 442 463 idem
467 392 507 464 in
533 390 673 489 Orphei
699 393 860 465 carmine
885 397 1035 474 φυσικά
1060 402 1115 473 in.

58 513 193 609 scripto
218 513 501 612 pronunciatum
526 522 591 584 cst
630 509 759 609 Neque
774 514 882 586 enim
908 538 1114 615 quenquam

58 645 132 705 tem
164 633 416 730 scrupulosum
448 631 531 705 fore
555 630 734 720 arbitror,
760 634 842 731 qui,
868 638 954 733 quia
978 658 1129 737 nomen

58 738 204 831 Φυσικὰ
237 757 302 849 ἔπη
329 751 376 824 de
408 751 572 851 quolibet
597 755 775 844 carmine,
809 755 907 854 quod
932 759 972 830 in
985 759 1114 857 expli·

13 959 14 966 ἵ
56 871 169 946 canda
193 871 315 945 rerum
339 883 473 945 neutra
497 883 667 947 versatiu
691 886 729 947 et
753 897 902 974 quoquo
927 877 1012 951 talis
1038 900 1115 952 cer·

55 995 163 1066 minis
196 993 278 1066 loco
304 991 375 1066 dici
402 1003 543 1089 potest,
577 993 647 1066 hoc
670 994 849 1069 indicium
874 997 1114 1093 rejiciendrun

13 1111 14 1114 ’
53 1125 166 1210 putet.
200 1113 360 1190 Gravius
385 1124 452 1202 est,
477 1135 545 1186 nec
570 1124 695 1187 tamen
720 1115 988 1215 inexplicabile,
1013 1116 1114 1215 quod

13 1305 14 1310 ,
55 1228 222 1306 Clemens
257 1244 294 1306 et
320 1232 455 1307 Suidas
479 1233 637 1327 Physica
660 1219 840 1312 Brontino
872 1235 1031 1310 adscribi
1057 1235 1113 1309 di-
1208 1271 1210 1274 v

16 1355 18 1360 ’
54 1366 155 1443 eunt,
189 1353 417 1452 Philoponus
448 1365 572 1462 autem
597 1353 646 1427 ad
672 1354 707 1427 o.
734 1355 757 1428 l.
781 1379 819 1455 p.
845 1356 888 1428 F.
913 1357 976 1429 Ill.
1003 1377 1035 1428 a.
1063 1355 1112 1428 ad

54 1474 330 1548 Onomacritum
363 1473 560 1548 transferre
592 1473 759 1549 videtur:
794 1480 835 1553 ἐν
866 1483 944 1562 τοῖς
975 1484 1111 1553 καλου-

51 1597 173 1691 μένοις
205 1595 325 1685 εἶπεν,
365 1595 488 1693 ἐπειδὴ
520 1597 572 1695 μὴ
606 1596 711 1674 δοκεῖ
736 1597 906 1697 Ὀρφέως
938 1595 1033 1674 εἶναι
1062 1597 1111 1673 τά

51 1717 116 1811 ἔπη
141 1759 192 1771 -
218 1717 335 1793 αὐτοῦ
366 1714 438 1814 μὲν
469 1714 543 1820 γάρ
577 1721 648 1792 εἰσι
678 1716 728 1792 τά
761 1713 955 1819 δόγματα,
989 1724 1111 1792 ταῦτα
1212 1698 1217 1710 ’

49 1836 93 1913 δέ
116 1860 230 1938 φησιν
250 1833 528 1936 Ὀνομάκριτον
553 1839 594 1911 ἐν
618 1837 720 1912 ἔπεσι
744 1829 1022 1932 κατατεῖναι[’].
1049 1832 1110 1906 Ad

48 1957 137 2029 hacc
161 1956 373 2028 meminisse
399 1965 564 2051 oportet,
590 1956 753 2051 primunr
779 1966 924 2029 veteres
942 1950 1109 2044 criticos,

12 2115 13 2118 ¹
49 2098 163 2173 quum
200 2077 404 2150 carminum
444 2073 689 2171 Orphieorum
726 2083 894 2149 auctores
936 2072 1110 2168 indagare

48 2206 283 2285 conarenttn,
315 2216 391 2267 non
416 2195 523 2268 certis
547 2192 694 2267 indiciis
719 2192 786 2267 sed
811 2192 926 2270 odore
950 2193 1114 2292 quodam

48 2317 267 2415 suspicionis
290 2314 419 2388 ductos
440 2337 520 2388 esse
537 2314 632 2386 circe
650 2314 765 2387 alium
782 2325 892 2412 atque
910 2313 1024 2412 alium
1043 2335 1109 2387 va·-

48 2439 183 2533 gantis3
209 2434 343 2508 deinde
367 2436 448 2506 fieri
472 2454 593 2531 posse,
617 2444 659 2505 ut
682 2433 910 2529 Pltiloponus
933 2454 990 2521 ea,
1015 2453 1109 2529 quae
1164 2439 1169 2446 “

49 2557 265 2632 Aristoteles
304 2554 379 2627 alio
411 2555 451 2626 in
484 2553 580 2625 libro
612 2562 724 2648 atque
756 2552 832 2625 alio
865 2548 913 2623 de
948 2553 1108 2625 carmine

48 2679 218 2766 dixisset,
257 2673 441 2749 adhunc
472 2674 596 2746 locum
625 2673 837 2769 importune
869 2673 1113 2766 transtulerit,

11 2879 12 2882 ,
48 2804 99 2897 (v.
133 2799 172 2871 P.
198 2799 225 2871 l.
259 2821 288 2869 c
315 2794 375 2893 V.)
416 2792 477 2867 Ad
516 2793 741 2866 intellectum
782 2793 986 2865 sententiae
1007 2792 1107 2865 'haee

47 2922 206 3016 pertinet
237 2918 317 3013 eJus
348 2913 557 2989 adnotatio:
594 2913 689 3015 φασὶ
720 2912 762 2989 δὲ
795 2912 1027 2990 αἰνίττεσθαι
1058 2912 1106 2987 rol

48 3042 113 3136 ἔπη
148 3038 213 3114 διδι
245 3037 317 3137 μὲν
341 3045 406 3133 τῆς
432 3036 623 3131 ἀναπνοῆς
647 3032 717 3130 τὴν
742 3031 1016 3130 ἐπιτηδειότητα
1037 3040 1106 3108 τοῦ

47 3160 244 3258 δεξομένου
277 3157 346 3254 τὴν
379 3155 505 3257 ψυχὴν
539 3151 728 3253 σώματος,
762 3151 858 3230 διότι
887 3154 911 3250 ἡ
937 3152 1106 3247 ἀναπνοὴ

48 3277 322 3381 καταψύχουσα
355 3275 399 3353 ed
434 3279 601 3376 ἔμφυτον
626 3272 773 3376 θερμὸν
798 3279 849 3358 εἰς
875 3270 1105 3374 συμμετρίαν

49 3404 129 3505 ἄγει
136 3456 149 3490 ,
182 3399 270 3484 τοὺς
301 3397 343 3474 δὲ
376 3398 535 3496 ἀνέμους
567 3395 662 3497 φασὶ
692 3390 872 3492 δυνάμεις
903 3393 1009 3476 τινάς
1039 3416 1104 3486 ση-

50 3522 214 3617 μαίνειν,
247 3518 302 3596 δι’
338 3511 392 3595 ὧν
424 3513 622 3620 κατάγεται
646 3516 669 3611 ἦ
695 3513 798 3615 ψυχὴ
823 3520 874 3598 εἰς
897 3514 1041 3615 γένεσιν
1065 3515 1105 3586 ἐκ

50 3650 112 3738 τῆς
145 3640 265 3735 dimit
298 3637 479 3740 ἐνεργείας
484 3692 497 3727 ,
522 3638 571 3734 ἣν
596 3640 737 3739 ἐνεργεῖ
758 3641 826 3711 τοῦ
852 3626 1104 3734 μερικοῦοώ-

117 3885 156 3954 [¹]
176 3883 269 3937 ladio
293 3888 378 3955 Λέγει
401 3853 451 3937 οὖν
473 3883 530 3937 ἐκεῖ
552 3879 627 3947 iuri
650 3879 726 3951 ψυχὴ
743 3878 797 3934 ὑπὸ
815 3883 869 3936 τῶν
885 3876 1104 3967 ἀντέμωνιέκγοῡ

50 3954 149 4016 παντὸς
165 3957 302 4041 φερομένη
320 3954 478 4008 ἀναπνεῖται
494 3949 548 4007 ἀπὸ
565 3954 621 4007 τῶν
638 3947 814 4039 gnomone
828 3951 881 4039 μοὶἱ
896 3967 975 4009 ουτος
992 3964 1007 3999 o
1024 3946 1105 4015 λογος

11 4049 12 4068 ι
50 4023 82 4079 οὐ
99 4028 163 4098 περὶ
179 4039 267 4091 naono
283 4028 372 4095 ψυχῆς
389 4026 475 4095 λέγει·
495 4021 599 4094 οὐγὰρ
616 4040 705 4078 ποντα
722 4037 839 4075 ανππνει
855 4039 888 4074 τα
906 4021 1026 4092 ἔμψυχα.
