2800 4759
111 3854 118 3867 Ι

268 202 327 293 Pl
627 216 770 272 urens
795 214 981 273 rmuua.
1086 189 1089 195 ‘

223 364 231 375 ⁸
274 371 465 473 phcemtt
502 373 598 448 Sunt
625 399 717 451 vero
748 375 857 450 multi
888 387 925 449 ct
957 385 1064 449 amnt
1084 328 1342 470 mmplmca,

273 497 308 569 ai
331 496 405 568 iata
428 516 529 571 nova
551 506 666 588 aetas,
692 519 802 595 quam
828 494 1010 571 mmmm
1035 494 1272 571 vaticinantia
1293 494 1342 565 in

273 614 426 688 modum
467 614 789 717 praenunciat[⁴¹],
821 616 1026 715 paullulum
1059 612 1341 699 irrohoraverit

274 734 350 809 Sed
373 744 461 808 sunt
484 747 598 826 certe,
623 739 688 835 qui
712 738 849 811 Plotini
874 736 1032 810 assedus
1057 745 1232 832 tanquam
1258 754 1342 804 ccr-

62 935 66 943 ,
146 876 147 879 ’
268 857 436 953 vtissimus
460 854 748 954 philosophandi
772 867 941 932 auctores
965 868 1003 929 et
1026 857 1156 929 ruricus
1180 852 1343 949 antiqni-

272 976 360 1049 tatis
399 976 616 1073 interpretes
653 976 926 1077 propemodum
957 978 997 1050 in
1029 975 1171 1049 coelum
1203 971 1341 1079 ierint

272 1093 358 1168 Nan
389 1095 521 1187 lectos,
552 1098 684 1195 inquis.
740 1098 800 1171 Ile
830 1099 974 1172 ceteris·
992 1117 1066 1169 uon
1092 1094 1206 1183 nimi
1227 1110 1343 1189 repu-

272 1236 355 1309 gno.
382 1214 458 1289 Sed
482 1217 668 1313 mornado
693 1217 765 1291 hoc
797 1217 844 1291 de
857 1217 1021 1312 'Payloro
1045 1214 1226 1314 auspicari
1249 1230 1344 1309 poa-

173 1385 177 1402 .
272 1356 418 1427 sumus,
457 1339 521 1431 qui
558 1338 599 1408 in
641 1338 912 1413 Platonicorum
942 1335 1067 1411 studio
1100 1335 1211 1431 quasi
1234 1334 1343 1407 vitas

272 1475 362 1528 suae
392 1452 626 1529 tabernacula
658 1457 878 1545 cohecavitl
908 1460 972 1556 qui
998 1457 1153 1544 Plotini,
1184 1451 1343 1527 lambli-

274 1574 350 1663 ohi,
385 1574 531 1648 Proculi
566 1574 679 1649 libros
711 1578 926 1677 plerosquo,
961 1576 1120 1673 denique
1145 1574 1343 1647 Platonem

272 1696 410 1791 ipsum,
435 1703 593 1792 quantus
616 1708 773 1792 quantus
800 1709 866 1785 est,
891 1699 932 1769 in
956 1695 1195 1771 vernaculum
1220 1706 1343 1766 uana·

273 1814 359 1887 orlit
388 1814 617 1890 sermonumt
653 1818 756 1911 cujus
789 1818 1006 1912 conjectarit
1042 1814 1142 1888 docti
1167 1814 1342 1887 homines

102 2027 112 2042 ,
194 1937 197 1942 “
271 1936 424 2009 inventa
462 1955 530 2006 sua
561 1948 812 2032 superstruere
844 1937 965 2010 solent
996 1948 1171 2032 tanquam
1205 1931 1344 2005 lundo-

95 2057 98 2064 '
176 2074 180 2085 “
267 2051 432 2131 ,montisi
462 2053 530 2127 Est
555 2076 644 2126 sane
669 2078 804 2154 anceps
824 2055 1026 2151 judicium
1059 2054 1241 2149 Tuylorus
1272 2054 1343 2141 ais,

271 2173 510 2247 Ruhnkem‘us
535 2187 653 2270 negat.
691 2174 793 2250 Utri
820 2175 1041 2250 creditisl
1066 2173 1251 2273 Pieridum
1270 2192 1342 2245 »ure
1389 2228 1391 2233 .

254 2315 347 2372 ‚non
371 2294 619 2390 interponam3
657 2307 801 2371 tantum
825 2295 965 2386 dicun,
998 2305 1175 2394 quantum
1198 2317 1249 2389 ex
1267 2293 1359 2367 ssa*

191 2452 192 2457 =
272 2410 541 2489 Chaldaeorum
581 2416 812 2491 oraculorum
853 2417 1068 2491 collectione
1089 2416 1132 2514 [θ]
1168 2412 1342 2510 judicare

272 2554 436 2631 possum,
462 2534 664 2628 'Paylorum
688 2539 729 2610 in
754 2535 1041 2635 interpretandis
1067 2534 1342 2611 verumtam-

270 2655 397 2726 tentiis
417 2657 491 2727 'sic
526 2658 666 2731 versari
698 2657 837 2746 solere,
877 2670 920 2731 ut
952 2679 1071 2753 neque
1103 2654 1342 2729 librarioru

270 2772 423 2863 menda,
455 2797 573 2873 neque
605 2778 882 2876 typothetarum
908 2789 1027 2850 errata
1052 2773 1343 2862 animadvertat,

269 2891 338 2965 sed
378 2894 533 2970 verbum
573 2896 621 2968 de
658 2898 774 2971 verbo
806 2897 970 2970 reddere
1001 2907 1193 2970 contentus
1225 2916 1343 2992 saepe

272 3080 389 3133 hendisse
406 3081 469 3134 dicit
487 3090 514 3135 et
531 3066 704 3136 conluuionem
720 3083 882 3137 materiarum
900 3085 966 3137 male
984 3085 1173 3137 cohaerentium
1185 3090 1339 3152 temereque

269 3151 425 3216 effusarum,
450 3153 514 3205 haec
531 3154 618 3206 addit:
644 3155 680 3206 Id
703 3170 784 3207 vero
806 3171 923 3224 parurn
946 3155 1063 3207 mirum
1080 3156 1221 3209 videtur
1238 3154 1278 3206 ab
1297 3172 1340 3206 eo

241 3278 244 3283 ⁴
272 3219 410 3285 homine,
428 3223 485 3289 qui
502 3224 760 3294 philosophiam
776 3225 1074 3294 neo-platonicam
1095 3225 1341 3295 appellatsen-

271 3289 344 3341 tina
361 3294 395 3341 et
412 3299 508 3343 cento
526 3293 729 3347 versicolor.
753 3294 916 3349 Proclum
932 3296 1039 3363 tnagis
1058 3295 1217 3359 allatret,
1236 3310 1339 3362 quam

270 3360 477 3434 noscendum
494 3369 528 3414 at
543 3362 812 3432 intelligendum
829 3366 926 3419 iacit.
969 3366 1075 3418 Tales
1092 3367 1269 3434 hucusque
1289 3365 1340 3416 hi-

271 3431 428 3483 atoricos
446 3431 597 3484 habuere
613 3433 851 3488 Alexandrini.
886 3435 944 3489 Hoc
961 3444 1001 3488 est
1018 3437 1051 3489 de
1067 3436 1215 3499 Brackerm
1228 3434 1340 3487 Moche-

270 3501 335 3566 nio,
354 3502 535 3555 Tennemanno
554 3502 659 3556 Cousini
673 3506 813 3573 judicium
836 3512 919 3575 neque
941 3506 970 3559 id
987 3506 1103 3559 mirum
1120 3507 1160 3558 ab
1176 3522 1216 3557 eo
1233 3504 1340 3563 homi-

271 3587 325 3634 ne,
350 3573 394 3641 qui
411 3572 648 3626 Eclectisrnus
665 3582 693 3627 et
710 3575 900 3629 recollexit
923 3582 950 3628 et
968 3582 1071 3629 caetera
1088 3575 1206 3645 scripsit,
1232 3592 1302 3643 quae
1319 3593 1340 3626 a

271 3639 400 3695 Greuaero
418 3643 530 3711 Taylori
546 3644 700 3698 admiratore
717 3655 745 3700 et
761 3646 897 3699 laudatore
913 3651 1007 3698 intumo
1025 3648 1052 3698 in
1065 3647 1153 3699 Praei.
1164 3644 1250 3697 Praei.
1263 3645 1301 3697 Τ.
1313 3645 1338 3697 Ι.

271 3711 404 3777 exagitata
421 3721 494 3779 suut,
512 3732 562 3767 non
578 3715 685 3784 indignit
703 3735 765 3770 sane
781 3717 879 3769 Plotini
896 3733 1035 3785 praecon03
1054 3716 1107 3785 qui,
1124 3720 1154 3768 ut
1170 3714 1343 3783 Porphyrites

270 3781 350 3866 refert
365 3782 393 3833 in
404 3785 471 3863 'Vita
488 3803 513 3854 p.
531 3786 556 3838 9.
574 3803 607 3837 ne
624 3788 732 3840 humane
749 3787 897 3856 loqueretur
915 3782 1145 3909 timporprrloarrm
1155 3784 1245 3856 potira
1256 3801 1338 3852 quam

270 3867 356 3988 αναμῖ
369 3868 502 3989 {pararat
515 3856 750 3979 ffdfflmalebat’
768 3865 795 3910 et
812 3856 864 3909 alia
880 3856 980 3925 hujusm
1015 3858 1023 3908 i

408 3960 415 3973 .
433 3940 455 3973 c.
473 3942 498 3991 p.
627 3965 635 3979 .
835 3972 838 3977 r

340 3991 378 4059 [θ]
397 3991 629 4051 clericellum
646 3996 680 4051 Τ.
696 3996 768 4051 xv1.
785 4004 813 4049 et
829 3994 914 4049 xvfl.
