2800 4759
317 273 319 276 “
448 263 721 318 ottoniel.
1040 253 1114 328 725

52 414 218 491 doeens
261 417 530 515 tlieologiee
568 413 709 496 simul
750 432 795 495 et
828 424 1111 503 naturaliter

52 548 277 622 versatur,
328 538 431 614 Haeo
465 553 588 615 autem
614 540 663 614 de
686 542 754 616 illo
779 533 875 616 libro
899 544 1112 643 accipienda

38 662 127 729 ‘osse
159 656 358 731 elucetex
391 660 466 733 alio
503 662 585 736 loco
617 663 662 737 in
690 661 774 736 ΧΠ.
807 661 868 737 83.
903 659 1110 740 naliter

48 774 393 874 impartibilem
434 783 665 855 unitatem
707 782 1042 876 determinant,
1085 808 1109 862 a

49 916 133 991 qua
162 907 271 994 post
300 899 522 996 procedit
553 921 773 976 numerus
804 904 940 976 unius
972 927 1024 977 ex
1048 906 1109 980 la·

48 1013 178 1089 tebra
234 1029 453 1110 aeterua3
515 1022 660 1094 aliter
710 1022 1106 1115 intellectualem,

46 1157 172 1231 quam
199 1148 244 1208 et
268 1134 428 1212 Jovem
454 1140 690 1238 appellari
716 1143 891 1217 volunt
923 1144 990 1216 De
1015 1146 1107 1243 qui-

48 1254 129 1328 bus
162 1257 299 1329 multi
330 1257 514 1354 quidem
542 1272 752 1336 veterum
779 1261 1107 1336 disseruerunt

46 1418 95 1430 --
121 1419 172 1433 --
204 1375 254 1448 Si
280 1379 384 1475 quis
409 1400 525 1453 vero
550 1401 735 1454 sacrum
760 1382 913 1479 ipsum
941 1381 1105 1475 Pytlra-
1255 1439 1263 1453 .

43 1514 181 1587 gorae
205 1517 464 1572 sermonem
489 1502 715 1599 consequi
739 1512 923 1598 posset,
950 1525 1106 1577 omnes
1206 1591 1208 1602 ⁴

43 1611 112 1685 ibi
143 1614 361 1688 inveniet
391 1618 585 1692 ordines
619 1633 664 1694 et
695 1623 930 1697 unitatum
962 1633 1007 1695 et
1031 1645 1106 1695 uu-

42 1726 270 1808 mer'orum
297 1734 355 1809 ad·
378 1760 573 1834 unguem
599 1738 831 1814 laudatos
858 1753 896 1814 et
920 1766 957 1839 p.
982 1740 1043 1814 71.
1069 1741 1103 1815 b.

43 1852 330 1951 Pythagora,
356 1859 456 1954 lpse
482 1861 530 1931 in
555 1882 685 1934 sacro
707 1883 916 1933 sermone
935 1860 1104 1934 forma·
1137 1859 1140 1864 ’
1254 1908 1256 1912 -

40 1983 211 2047 rumet
236 1974 444 2051 idearum
470 1977 706 2054 dominum
733 2001 834 2053 esse
863 2002 1104 2087 numerum

39 2093 192 2192 ipsum
218 2093 349 2169 dixit
374 2096 485 2171 Hunc
502 2122 594 2173 vero
613 2101 749 2174 librum
768 2089 1104 2197 Orphicae'doctri-

40 2215 113 2289 ned
133 2233 316 2289 strumam
339 2219 524 2306 continere
549 2233 630 2292 tum
652 2232 780 2292 auctor
802 2221 882 2312 ejus
894 2221 1105 2302 llrmissime

40 2332 247 2423 mutendit,
281 2347 359 2409 tum
392 2336 475 2409 aliis
508 2360 725 2434 persuasum
752 2349 827 2427 est,
854 2339 904 2422 ὥς
928 2348 992 2434 τῆς
1018 2345 1104 2414 Πυ-

37 2457 246 2558 θαγορικῆς
293 2457 378 2531 κατ’
421 2458 590 2554 ἀριθμὸν
627 2457 825 2561 θεολογίας
866 2454 1104 2560 παράδειγμα
1150 2559 1156 2567 Ι
1194 2467 1205 2486 ’·
1265 2429 1272 2444 ’
1312 2440 1321 2446 ’

39 2571 191 2678 ἐναργὲς
224 2576 337 2668 ἔκειτο
371 2579 412 2652 ἐν
439 2577 572 2675 'Orosi
601 2572 734 2648 Jambl.
765 2575 801 2646 l.·
823 2599 852 2648 c
884 2598 920 2672 p.
948 2574 1033 2649 304.
1059 2574 1102 2647 cl.

40 2691 212 2766 Schfflr.
244 2691 294 2765 de
328 2690 453 2767 come
480 2693 571 2766 Phil.
597 2694 682 2768 Hal.
708 2719 737 2769 c
763 2694 829 2767 lX.
856 2691 917 2768 95.
967 2695 1103 2789 Pytha-

37 2834 239 2911 goramqne
270 2814 393 2910 ipsum
417 2810 514 2885 libro
539 2836 607 2887 suo
633 2813 682 2888 de
707 2814 782 2889 diis
805 2816 942 2914 scripto
967 2835 1103 2887 nomen
1228 2827 1232 2828 *

34 2933 150 3031 ‘lepori
165 2931 296 3037 ’λόγου
329 2934 570 3028 imposuisse,
606 2936 657 3021 ὥς
683 2934 733 3014 ἂν
759 2941 799 3012 ἐκ
821 2945 890 3012 τοῦ
915 2957 1102 3034 μυστικω-
1137 2982 1143 2996 ·

38 3048 157 3128 τάτου
192 3053 460 3152 &condecoratur
493 3058 578 3155 παρ’
609 3058 742 3156 Ὀρφεῖ
763 3052 892 3131 τόπου.
918 3052 1017 3125 unde
1042 3074 1101 3126 su-

38 3171 177 3269 spicari
208 3170 295 3244 licet
326 3172 507 3246 vocabula
538 3175 612 3247 ista
643 3175 867 3273 κλᾳδοῦχος,
906 3182 1101 3274 Κουρῆτις,
1253 3247 1258 3264 ,

37 3293 272 3389 odlopeletc,
303 3313 379 3364 non
413 3315 458 3364 ex
492 3292 632 3392 Orphei
663 3290 823 3393 quodam
851 3293 1010 3365 carmine
1035 3289 1102 3362 sed

37 3435 86 3486 ex
118 3412 188 3483 hoc
223 3433 392 3484 sermone
415 3434 519 3485 sacro
544 3412 729 3486 Libethris
754 3399 902 3508 accepto
928 3403 1113 3516 decerpta!

38 3553 142 3621 esse,
177 3543 288 3630 etque
318 3532 441 3629 ipsum
474 3533 621 3621 lonem,
657 3555 770 3628 quum
803 3530 941 3605 diceret
965 3528 1103 3623 Pytha-

38 3673 156 3747 goran
181 3656 261 3730 ἔνια
286 3659 336 3738 εὶς
357 3653 495 3752 Ὀρφέα
516 3654 737 3755 ἀνενεγκεῖν,
762 3652 859 3725 hunc
878 3651 1099 3746 significasse
1128 3687 1134 3698 ·

38 3772 144 3871 lepor
178 3769 315 3875 26on
354 3771 483 3869 hisque
523 3769 647 3846 verbis
677 3793 754 3845 non
784 3770 879 3844 illud
910 3769 1098 3858 declarari,

37 3890 143 3989 quod
182 3890 292 3985 vulgo
323 3903 474 3990 putant,
513 3889 719 3965 Mnesarchi
749 3890 865 3964 lilium
897 3889 991 3964 libro
1023 3889 1098 3962 cui·

38 4010 130 4087 dam
162 4032 231 4085 suo
254 4009 407 4085 subdole
433 4012 570 4112 Orphei
595 4033 730 4086 nomen
754 4011 998 4109 irueripsisse,
1030 4005 1097 4080 sed
