2800 4759
463 237 740 300 enerues.
1062 227 1162 307 llll¹
1281 234 1284 240 '

58 406 201 493 potest,
226 416 347 495 noque
370 417 446 469 non
473 416 604 471 versos
630 394 804 495 Ombis,
828 421 923 498 quos
949 402 1054 477 Plsto
1081 406 1135 478 ol-

58 516 182 612 leget,⁴
209 516 296 590 boio
330 517 494 591 carmini·
518 539 609 616 prae
640 521 772 593 ceteris
805 524 1051 615 conveniunt,
1086 549 1133 600 eo
1275 507 1284 528 ’

56 637 149 711 mibi
181 639 280 710 ratio
313 637 405 727 fuit,
437 661 501 712 eur
533 625 790 736 Theogoniam
821 641 918 732 illis,
945 665 1037 741 quos
1062 666 1133 718 no-

58 759 218 848 minavi,
251 759 344 833 mis
378 759 582 833 lmutatam
615 779 697 835 esse
730 771 932 838 statuerem
966 767 1049 840 sive
1080 776 1136 839 to-

56 891 153 969 tum,
186 888 364 976 quantum
390 879 571 954 Platonici
592 884 811 973 triveruntp
828 886 910 960 sivo
935 885 1133 982 primarios

58 1002 137 1096 ejus
168 1012 304 1100 portos.
369 997 448 1075 Nee
479 1003 638 1076 nimium
671 1004 764 1082 mibi
796 1026 972 1100 errognre·
1001 1006 1134 1083 videor

57 1121 90 1192 si
116 1139 284 1212 carmen,
317 1119 366 1194 do
392 1143 466 1220 quo
494 1121 600 1196 Plato
627 1134 665 1195 et
690 1125 874 1199 Isoorotes
898 1128 953 1201 ito
979 1125 1136 1226 loquun·
1191 1145 1203 1152 ”

57 1252 127 1331 tur,
147 1252 197 1313 ut
221 1243 351 1341 potest
376 1244 567 1316 communi
592 1255 680 1318 tune
699 1245 933 1322 literatorum
954 1269 1135 1324 consensu
1201 1268 1203 1272 ’

58 1360 208 1461 Orpheo
235 1366 463 1460 assignatum
489 1361 581 1454 osse',
607 1365 798 1464 aliquanto
814 1370 929 1468 vprius
953 1370 994 1442 in
1013 1369 1135 1446 bomi-

57 1505 145 1557 num
173 1507 304 1559 manus
328 1488 480 1561 venisse
504 1487 717 1586 sensimque
740 1487 790 1561 ad
816 1489 912 1563 bone
933 1492 1135 1589 ¹onthnitnb

57 1605 103 1678 tis
129 1607 349 1707 opinionem
376 1608 484 1705 quasi
507 1611 757 1682 ematuruisse
773 1608 906 1684 dicam
932 1609 1048 1684 Haud
1061 1609 1134 1685 dii-

56 1726 163 1799 fiteor
195 1751 257 1801 me
287 1729 329 1801 in
354 1729 561 1825 suspicioso
575 1742 806 1825 ¹argumento
831 1732 985 1806 versari.
1035 1730 1133 1806 Nom

56 1848 88 1919 si
118 1847 287 1922 Galenus
319 1850 360 1922 in
392 1847 682 1948 bibliopolarum
716 1850 882 1925 tabernis
914 1849 1033 1924 libros
1061 1851 1135 1925 sibi

55 1967 126 2065 ipsi
167 1970 366 2067 inscriptos
406 1972 566 2068 reperit,
607 1993 768 2069 quornm
809 1972 952 2048 nullom
985 1972 1134 2045 literam

58 2100 290 2185 agnosceret,
322 2091 356 2163 si
388 2090 490 2164 illius
523 2089 768 2165 viterbiensis
802 2092 1043 2168 Domiuienui
1074 2113 1135 2166 no—

58 2210 183 2307 quolos
208 2210 358 2285 isbulso
376 2207 504 2309 ‘paene
529 2212 600 2286 sub
625 2214 744 2287 oeulis
769 2214 938 2312 ipsorum
959 2214 1134 2288 moneas

58 2330 309 2422 crediderunt,
333 2331 501 2408 Platonis
526 2356 674 2433 quoque
698 2355 796 2409 aevo
810 2355 960 2409 carmon
974 2345 1011 2407 ot
1025 2334 1136 2408 eondi
1243 2432 1244 2435 Ἴ
1285 2441 1291 2448 ἃ

59 2452 267 2527 assumis
303 2464 342 2526 et
374 2478 444 2554 pro
481 2454 624 2528 dudum
659 2453 810 2527 condito
844 2453 969 2527 offerri
1002 2456 1136 2553 potuit.

59 2572 132 2649 Seu
166 2576 238 2648 boo
271 2585 490 2670 argumento
522 2576 579 2648 its
611 2586 699 2646 utor
731 2575 933 2649 utstatim
966 2595 1134 2648 oessurus

58 2695 88 2765 si
117 2697 204 2793 quis
229 2696 485 2791 Theogoniam
511 2693 724 2793 Orphicum·
741 2695 897 2768 Platone
920 2707 988 2768 sut
1009 2717 1135 2768 reeen-
1166 2725 1170 2730 ·

58 2815 190 2888 tiorem
227 2828 293 2889 aut
318 2827 417 2890 eerte
441 2837 518 2889 non
541 2814 662 2888 multo
688 2805 937 2913 antiquiorem
963 2836 1044 2887 esse
1070 2814 1134 2889 de·
1236 2805 1240 2812 ’

58 2936 330 3010 monstraverit
394 2935 491 3010 Mihi
526 2934 698 3033 quidem,
734 2936 861 3011 omnis
894 2935 1020 3008 mimo
1053 2935 1134 3010 vol-

58 3056 177 3146 venti,
217 3078 334 3154 usque
375 3056 426 3130 od
467 3054 700 3131 Onomooriti
735 3070 898 3131 oetatem
939 3053 1134 3129 reserenda

57 3176 217 3267 videtur,
243 3198 319 3274 quo
344 3190 382 3251 et
407 3188 578 3253 veterum
603 3191 801 3277 poetarum
826 3179 965 3278 scripto
990 3176 1134 3249 curioso

60 3299 263 3397 oonquisits
289 3310 328 3371 et
352 3300 595 3393 mysticarum
620 3300 842 3395 religionum
868 3300 1052 3404 lenocinio
1072 3318 1134 3370 ou·

59 3417 155 3514 pide·
173 3421 341 3517 appetito
365 3431 462 3493 sunt
510 3421 556 3493 ln
582 3421 754 3495 versibus
778 3421 892 3520 ipsis,
918 3423 982 3518 qui
1006 3440 1134 3516 super·
1212 3437 1214 3442 ’

60 3552 160 3630 sunt,
186 3541 280 3612 nibil
305 3543 425 3630 inest,
458 3538 559 3639 quod
585 3539 734 3613 abillis
760 3540 990 3640 temporibus
1014 3537 1134 3612 *disso-
1223 3550 1226 3556 “

59 3672 138 3752 net;
164 3682 287 3735 sermo
313 3660 485 3759 simplex,
511 3682 640 3759 purus,
665 3682 786 3760 nequo
811 3670 984 3739 veterum
999 3660 1134 3759 Epicti-

59 3801 159 3872 mm,
186 3783 250 3880 qui
274 3780 484 3856 Hesiodum
509 3782 728 3879 subsequuti
748 3792 851 3872 suut,
877 3778 1134 3855 consuetudini

62 3898 204 3997 diepam
236 3903 518 4002 ‘eorreptionem
555 3923 746 3996 caesurae,
777 3902 902 3976 bintus
934 3901 1029 3975 nulli
1061 3901 1135 3973 nisi

58 4015 232 4115 legitimi3
265 4021 413 4096 fabulae
444 4023 647 4119 singulares
679 4021 831 4122 quidem
863 4031 902 4096 et
930 4018 1133 4109 modim,

835 4142 934 4228 39*
