2800 4759
277 205 355 283 256
597 222 744 278 n1n1cn
768 221 1030 278 sncuuuus.

277 384 396 470 tione,
428 400 480 453 ex
512 377 676 467 artibus,
706 378 844 467 literis,
876 377 1043 451 moribm
1068 379 1285 453 memoriam
1307 390 1342 451 et

276 502 434 597 vestigia
458 501 540 595 ejus
565 501 724 573 latenter
748 499 931 596 impressa
956 499 1133 600 eruat[‘].

377 620 440 696 Ad
478 621 590 716 hujus
629 630 757 693 autem
795 620 1024 716 quaestionis
1064 620 1343 718 explicationem

276 741 538 844 percommode
563 740 714 831 accidit,
738 738 842 838 quod
859 738 1001 838 Orphei
1025 763 1162 814 nomen
1188 752 1247 815 tot
1269 754 1344 817 tun·

274 868 398 962 tisque
422 863 586 938 inventis
611 863 841 935 illustratum
871 862 997 960 itaque
1028 885 1113 937 orm
1145 863 1252 935 omni
1280 884 1344 960 pn·

275 985 373 1059 blica
409 985 631 1085 privataque
663 982 890 1057 Graecorum
923 982 1101 1077 religione
1135 982 1343 1081 copulatum

275 1117 351 1196 est,
384 1117 445 1196 ut,
480 1106 514 1178 si
529 1103 631 1176 nihil
657 1104 843 1192 omnium,
877 1123 973 1200 quae
999 1099 1047 1174 de
1073 1124 1118 1175 eo
1143 1101 1345 1201 praedicari

274 1228 408 1317 solent,
433 1225 601 1302 Homero
627 1233 759 1297 notum
784 1223 900 1296 irrisae
925 1234 1116 1321 appareat,
1141 1229 1267 1322 ipsum
1284 1221 1345 1296 ad-

274 1348 347 1421 huc
379 1349 419 1419 in
451 1344 580 1419 abdito
613 1345 768 1417 latuisse
798 1365 948 1416 necesse
974 1344 1035 1416 sit.
1086 1342 1149 1417 Sic
1174 1347 1274 1419 enlm
1300 1338 1355 1416 de*

275 1467 425 1565 Orpheo
459 1467 685 1562 accepimus,
719 1485 804 1536 eum
839 1475 878 1535 et
909 1475 1097 1538 cantorem
1131 1464 1248 1538 fuisse
1273 1465 1345 1536 exi

273 1590 404 1662 mium
427 1598 466 1660 et
496 1585 660 1658 latorum
693 1584 935 1682 interpretem
967 1596 1005 1658 et
1037 1584 1243 1659 medicinae
1269 1594 1345 1658 arte

274 1709 415 1784 clarum
446 1718 485 1780 et
516 1706 759 1802 mysticarum
799 1706 1083 1779 cerimoniamm
1113 1707 1345 1802 inventorem

273 1832 433 1905 unicum.
467 1851 504 1904 v.
538 1823 629 1924 Cup.
653 1826 683 1899 Ι.
710 1824 840 1899 Talem
864 1848 956 1902 vero
982 1826 1173 1900 hominem
1198 1840 1345 1925 tamque

271 1951 473 2024 multarum
510 1966 634 2021 rerum
677 1947 865 2020 conscium
904 1948 1048 2022 nouum
1082 1946 1191 2022 nobis
1223 1955 1345 2019 narrat

271 2071 349 2144 ille¹
370 2069 571 2145 fidissimus
598 2068 833 2165 antiquitatis
865 2070 1037 2160 nuncius;
1071 2065 1139 2141 sed
1171 2066 1237 2140 alii
1270 2068 1345 2139 me}

272 2188 387 2263 dendi
410 2189 624 2263 facultatem
650 2188 799 2279 tribuit,
812 2206 816 2213 ’
831 2189 896 2262 alii
922 2189 1112 2262 scientiam
1139 2211 1262 2262 rerum
1289 2187 1345 2259 fu·

271 2324 449 2402 unarum,
474 2310 572 2383 hunc
596 2309 803 2384 sacerdotio
829 2308 1042 2407 praeditum
1062 2308 1214 2400 inducit,
1238 2308 1345 2383 illum

227 2420 230 2435 ’
272 2444 381 2507 cantu
407 2431 615 2530 {idibusque
640 2430 862 2528 pollentem;
889 2430 988 2528 quod
1014 2440 1058 2505 ut
1083 2431 1218 2528 cuique
1228 2429 1345 2517 mani-

271 2554 409 2657 festum
443 2554 511 2643 sit,
543 2552 698 2642 faciam,
731 2550 832 2649 quod
858 2553 939 2646 jam
972 2550 1038 2626 diu
1069 2551 1210 2625 fuctum
1236 2571 1345 2647 opor·

271 2676 343 2748 tuit
368 2673 435 2748 sed
453 2654 563 2747 neruo
584 2672 705 2747 adhuc
724 2674 864 2776 exequi
880 2668 1058 2772 voltutP]
1087 2682 1203 2769 atque
1218 2690 1345 2743 ornnes

270 2795 390 2885 locos,
415 2795 548 2893 quibus
574 2795 699 2891 aliqua
722 2795 880 2867 istorum
907 2815 1103 2869 munerum
1127 2792 1345 2887 significatio

270 2916 437 3013 subjecta
462 2926 539 3004 est,
567 2912 699 2987 ordine
725 2914 960 2989 enumerabo.

372 3036 424 3109 Et
449 3036 613 3134 primum
640 3033 790 3132 quidem
816 3033 1026 3109 sacerdotes
1052 3054 1345 3109 commemoran-

269 3167 330 3230 tur
354 3158 412 3230 hi:
448 3154 553 3253 apud
578 3152 733 3228 Cicones
757 3156 892 3229 Maron
914 3156 1101 3255 Apollinis
1126 3153 1211 3226 luco
1237 3175 1347 3250 prae-

267 3266 415 3376 positus
449 3274 520 3350 0d.
545 3273 611 3348 IX.
641 3274 725 3349 197.
759 3277 885 3350 lictrrm
910 3256 1041 3375 procul
1067 3273 1180 3347 dubio
1206 3292 1345 3346 nomen

269 3396 591 3493 assimilatumque
615 3395 700 3468 urbi
724 3394 918 3471 Maroniae
938 3398 1019 3494 jam
1046 3395 1093 3469 ab
1119 3394 1241 3489 Angla
1266 3417 1345 3467 me

268 3529 445 3592 moratae.
468 3539 506 3592 v.
532 3516 648 3590 Procl.
676 3513 880 3591 Cluestom.
905 3539 942 3616 p.
968 3516 1052 3591 Xll.
1078 3515 1195 3592 Bekk.
1242 3515 1346 3588 Inter

338 3670 371 3740 [’]
390 3671 450 3724 Hoc
466 3667 648 3723 ratiocinativa
665 3669 794 3741 probandi
812 3687 907 3739 genere
922 3669 980 3740 ipse
995 3669 1077 3722 utitur
1091 3667 1188 3721 Strabo
1201 3665 1346 3718 seditiosae

267 3741 411 3793 secuntiae
428 3747 533 3794 auclore
550 3745 684 3814 μοχθηρῷ
701 3746 805 3813 σημείῳ
818 3744 919 3814 χρῆται
935 3736 1022 3801 uicti
1041 3741 1072 3794 lx
1089 3741 1137 3793 τοῦ
1153 3735 1193 3809 μὴ
1210 3740 1347 3808 λέγεσθαί

235 3918 237 3923 V
266 3807 443 3934 {nepesini
463 3815 577 3880 ποιητοῦ
601 3810 764 3883 ἀγνοεῖσθαι
785 3813 873 3866 ἐκεῖνο
899 3806 944 3865 ὑπ’
965 3808 1055 3865 αὐτοῦ
1077 3803 1295 3881 τεκμαιρόμενος
1311 3806 1343 3858 L.

324 3917 376 4021 ⁸[b]
396 3918 488 4021 Nuper
511 3950 662 4004 Nitasclrius
679 3952 707 4004 in
724 3958 857 4013 comment.
876 3951 910 4003 ad
928 3951 1025 4021 Odyss.
1042 3951 1092 4005 111.
1110 3945 1172 4004 439.
1190 3947 1343 4003 accuratius

267 4021 332 4074 haec
348 4037 396 4092 pro
414 4022 501 4091 operis
518 4023 619 4076 ratione
636 4028 751 4075 tractam
768 4022 889 4076 instituit.
976 4068 979 4079 .
