2800 4759
282 221 335 320 ⁸²,
465 251 467 254 .
634 234 778 290 crona
802 234 989 290 sarnus.

282 396 496 472 officium
513 406 592 468 cst.
620 391 899 496 Confusio[⁸]
915 388 1220 493 praedicatur
1239 390 1343 467 dum

281 512 450 620 religio
483 527 791 593 asseveratur.
848 515 962 590 Nam
986 525 1031 587 et
1056 513 1144 588 illa
1167 514 1344 587 Eleusi·

281 641 359 714 nia
392 638 601 725 haeresis
627 647 671 710 et
701 639 808 737 ipsa
832 624 1026 710 Atticae
1047 635 1346 732 superstitio·

280 762 373 850 nis,
412 756 534 857 quod
569 768 714 849 tacet,
754 757 1019 857 pudor‘e‘st.
1083 754 1269 829 Idcirco
1302 764 1347 828 et

281 880 459 954 aditum
498 879 891 978 priuscruciant,
924 876 1104 952 diutius
1136 876 1346 962 initiant,

168 995 193 1073 ’.
280 1024 412 1101 quam
458 1001 757 1095 consignant,
808 1020 942 1098 quum
989 1004 1192 1097 epoptas
1239 1006 1362 1069 ante«

279 1122 647 1222 quinquennium
678 1121 958 1213 instituunt,
997 1127 1052 1191 ut·
1080 1119 1349 1217 opinionem

280 1241 542 1341 suspendio
582 1242 869 1336 cognitionis
909 1238 1172 1312 aedificent
1211 1249 1351 1337 atque

279 1368 349 1438 ita
380 1373 560 1434 tantam
593 1362 885 1456 majestatem
911 1359 1137 1434 adhibere
1161 1358 1350 1433 videan-

280 1495 366 1573 tur,
385 1491 599 1579 quantam
618 1491 1015 1578 praestruxerunt
1029 1478 1349 1580 cupiditatem

237 1589 243 1598 ’
281 1604 504 1702 Sequitur
518 1604 612 1699 jam
626 1600 815 1674 silentii
830 1601 1065 1692 officinm3
1084 1611 1263 1674 attente
1278 1621 1350 1674 cu-

280 1724 509 1814 stoditur,
534 1720 656 1821 quod
680 1719 815 1794 tarde
839 1723 1094 1797 invenitur.
1131 1717 1352 1794 Ceterum

279 1859 381 1921 tota
415 1847 462 1918 iu
500 1842 662 1936 adytis
698 1841 950 1933 divinitas,
992 1852 1095 1914 tota
1133 1839 1352 1939 suspiria

280 1965 597 2068 epoptoroea'
623 1973 776 2035 totum
821 1962 1107 2058 signaculum
1146 1961 1353 2055 linguae,

279 2087 576 2160 simulacrum
593 2082 789 2187 membri
806 2085 965 2159 virilis
980 2083 1232 2159 revelatur.
1258 2077 1354 2151 Sed

189 2213 199 2222 “
278 2218 475 2280 naturae
506 2187 827 2281 venerandum
853 2205 1114 2300 allegorica
1147 2201 1352 2299 disposi-

277 2328 346 2423 tio
371 2324 700 2424 praetendcns‚
725 2326 997 2422 patrocinio
1024 2335 1211 2397 coactae
1233 2322 1353 2416 figu-

277 2470 356 2520 rae
381 2439 694 2542 'sacrilegi'u'm
737 2443 961 2519 obscurat
994 2458 1040 2519 et
1077 2444 1352 2521 convicium

277 2566 389 2641 falsi
415 2551 687 2666 simulacris
714 2577 924 2640 excusat.
949 2567 1100 2664 peso.

377 2685 560 2760 Abstrusa
583 2683 756 2786 Septimii
782 2689 901 2761 oratio
923 2688 1061 2762 multos
1078 2697 1246 2763 veterum
1267 2677 1354 2757 Cri·

276 2808 434 2908 ticorum
460 2810 634 2897 exercuit,
660 2830 817 2906 quorum
842 2810 883 2882 in
906 2830 1062 2881 numero
1071 2804 1116 2907 [Ἴ
1143 2806 1259 2881 iidem
1283 2806 1353 2904 qui

348 2980 437 3050 [9]Ἰά
461 2986 502 3035 est
524 2980 664 3050 turpitudo.
687 2979 861 3048 Hieronymus
879 2981 976 3034 Coum.
994 2982 1021 3033 in
1038 2981 1100 3034 Isai.
1118 2999 1141 3033 c.
1158 2980 1195 3033 II.
1212 2937 1239 3051 p
1257 2936 1302 3030 27.
1322 2983 1353 3031 et

164 3043 166 3048 ⁵
276 3050 367 3103 iisdem
393 3051 481 3104 verbis
503 3052 537 3104 ad
559 3052 645 3106 Amos.
671 3069 693 3103 c.
717 3051 766 3102 IV.
791 3049 867 3103 1897.
891 3052 959 3119 0g,
987 3052 1045 3120 qui
1069 3050 1271 3121 appellatus
1289 3055 1352 3101 est

277 3138 335 3173 rex
351 3122 466 3174 Busan
483 3127 517 3174 et
533 3121 800 3191 interpretatur
816 3116 976 3191 αἰσχύνη,
994 3122 1057 3174 hoc
1076 3131 1127 3174 est
1143 3120 1352 3190 ignominia,
1383 3135 1386 3141 ·

266 3207 375 3259 squam
393 3191 423 3243 si
441 3193 681 3244 confusionem
697 3192 900 3244 transferre
917 3192 1088 3257 volumus,
1112 3191 1223 3261 magis
1239 3185 1351 3261 σύγχυ-

236 3325 239 3331 Ᾰ
277 3275 322 3314 σιν
339 3261 535 3329 signifieat.
554 3262 666 3314 Glossae
681 3261 729 3314 Gr.
748 3261 808 3314 Lot
826 3257 967 3333 Αἰσχύνη,
985 3263 1158 3316 confusio.

348 3329 386 3398 [b]
407 3330 577 3384 Casaubonus
601 3331 635 3384 ad
652 3330 747 3384 Athen.
764 3332 812 3385 Vl.
831 3352 853 3386 c.
873 3333 914 3385 15.
932 3334 1066 3390 Wouwer.
1085 3333 1120 3385 ad
1136 3334 1242 3386 Petron
1260 3349 1283 3384 c.
1304 3330 1350 3384 17.

277 3400 323 3469 qui
339 3400 470 3469 scaligeri
486 3400 687 3456 emendationem
704 3404 831 3472 probent3
848 3404 974 3457 Petsvius
992 3404 1026 3457 ad
1036 3403 1161 3457 Themiso
1179 3421 1204 3473 p.
1221 3400 1282 3455 414.
1301 3402 1352 3471 qui

277 3471 319 3523 od
351 3477 476 3541 portas
506 3473 698 3526 instituunt
728 3475 860 3541 emendat,
887 3475 1036 3543 improbans
1060 3474 1190 3543 scaligeri
1212 3475 1351 3527 inventum

277 3548 445 3611 epoptas,
465 3542 527 3611 quia
540 3541 640 3594 tirorm
657 3542 841 3609 instituuntur,
864 3562 916 3597 non
933 3552 1061 3615 epoptas,
1085 3540 1206 3614 idemque
1227 3548 1351 3614 potta-

185 3609 188 3615 “
275 3628 341 3664 rum
359 3612 516 3682 suspiria
533 3613 637 3678 retinet,
654 3629 703 3681 pro
721 3631 771 3683 quo
789 3615 901 3669 Guther.
919 3615 1130 3669 deJur.PontI.
1143 3613 1217 3669 eso.
1235 3615 1352 3684 suspi-

236 3717 238 3723 .
276 3682 349 3746 cia,
373 3682 473 3748 idest,
496 3688 614 3755 θεωρίας
630 3683 777 3750 substillum
796 3685 890 3755 Crojus
907 3686 934 3738 in
952 3687 1063 3756 Specim.
1082 3687 1193 3739 Observ.
1210 3702 1237 3755 p.
1256 3682 1298 3737 15.
1319 3685 1351 3736 in

276 3752 372 3804 Grobii
388 3752 510 3818 Irenaeo,
528 3754 709 3807 Valentini
726 3754 913 3824 collegium
930 3756 957 3808 io
991 3756 1101 3827 rineipio
1119 3755 1266 3825 corrigens3
1290 3761 1351 3808 tum

274 3823 305 3879 P.
322 3822 428 3875 Helloix
444 3824 536 3877 Notat.
555 3824 588 3877 ad
606 3826 660 3877 vit.
678 3825 807 3888 Quadrat.
826 3845 848 3879 c.
865 3827 911 3879 IV.
930 3775 991 3879 69AE
1007 3845 1046 3897 sq.
1064 3827 1186 3881 Panelius
1204 3825 1237 3878 de
1255 3824 1351 3877 Cisto-

263 3893 363 3963 ephoris
380 3910 406 3962 p.
424 3891 466 3946 84.
484 3895 563 3948 Petit.
582 3897 616 3947 ad
632 3895 715 3964 Legg.
734 3898 790 3949 Ate
806 3914 832 3965 p.
849 3895 892 3948 99.
924 3898 1050 3964 Wessel.,
1067 3900 1125 3950 Van
1144 3895 1212 3949 Dale
1231 3896 1350 3949 Dissert.

274 3964 356 4031 Agou.
373 3981 399 4032 p,
416 3963 476 4017 608.
501 3966 546 4034 qui
569 3982 716 4037 quanquam
739 3966 804 4019 nihil
827 3968 888 4019 aori
913 3968 1031 4034 consilii,
1055 3969 1124 4038 quod
1140 3968 1209 4020 idem
1227 3966 1351 4019 salutare

273 4041 357 4100 esset,
375 4034 531 4101 attulerunt,
553 4043 639 4090 mosen
656 4054 725 4107 quae
741 4036 896 4103 attulerunt,
914 4037 1030 4093 Senlero
1048 4044 1110 4094 nota
1127 4056 1186 4093 esse
1203 4037 1350 4093 debebant.
