2800 4759
291 265 340 341 38
645 276 787 331 ursus
812 271 1002 330 neruus.

291 423 506 532 transigeret
516 437 561 534 [θ]
588 449 625 510 et
648 436 699 509 Μ.
726 436 899 512 Aurelius
926 453 1138 532 compresse
1155 430 1277 509 Cassii
1301 457 1357 509 se·

291 553 441 633 ditione.
483 558 559 630 Dio
591 553 725 629 LXXI.
759 555 821 633 31.
873 553 1016 644 Quibus
1049 553 1231 631 omnibus·
1253 553 1358 655 quin·

290 681 489 776 quennium
539 676 632 750 illud
679 679 894 767 remissum,
937 676 1192 749 remissionem
1232 690 1358 751 antem

288 802 410 899 ipsum
442 795 589 873 silentio
613 798 853 896 praeteritam
879 817 977 886 esse,
1003 793 1084 893 quis
1110 796 1182 869 sibi
1207 819 1359 895 persua-

289 921 396 994 denti
425 920 573 992 Erravit
598 939 684 1012 ergo
707 918 904 1013 Presbyter
922 914 1221 1010 cntiagnensic
1246 918 1294 992 de
1318 941 1360 993 re

287 1040 400 1115 fando
423 1039 564 1128 audite,
588 1039 809 1138 volpertus,
836 1057 951 1135 quum
962 1035 1244 1112 Valentinianos
1258 1061 1360 1113 eum-

219 1243 222 1254 !
286 1161 479 1261 paratione
504 1157 745 1232 Ethnicorum
779 1158 986 1257 deprimere
1011 1142 1143 1247 vellet,
1176 1158 1360 1235 rhemnon

287 1281 447 1380 quodam
488 1282 659 1352 acumine
690 1279 732 1351 id
763 1277 864 1378 quod
896 1278 943 1351 de
976 1272 1236 1369 mysteriorum
1269 1281 1361 1355 cori·

286 1404 421 1476 moniis
447 1421 515 1498 per
539 1397 778 1474 intervallum
805 1398 1071 1472 consummatis
1096 1412 1299 1498 acceperat,
1318 1406 1361 1478 tn

287 1521 575 1619 quinquennium
603 1521 727 1607 vertit
753 1529 952 1616 propterea
977 1518 1078 1615 quod
1097 1508 1265 1595 Gnostici
1280 1527 1361 1621 qni-

220 1646 226 1656 '
287 1640 374 1714 dam
407 1640 581 1715 docteres
615 1640 848 1735 Pythagorae
880 1638 1063 1735 exemplo
1093 1651 1241 1715 tanturn
1265 1654 1361 1720 tom·

285 1763 389 1860 poris
422 1764 463 1842 in
490 1758 761 1861 praeparandis
796 1769 834 1831 et
866 1757 1104 1855 explorandis
1131 1764 1361 1837 cateclmme-

285 1883 344 1956 nis
377 1879 658 1970 consumebant,
698 1880 794 1952 sieut
825 1875 1008 1952 Basilides
1046 1873 1237 1977 discipulis
1280 1887 1362 1957 suis

286 2011 465 2098 πενταετῆ
487 1999 639 2096 σιωπήν·
652 2001 892 2098 praescripsit
914 2005 1195 2103 πυθαγορικῶς,
1222 2015 1265 2075 ut
1282 2003 1362 2078 nu·

233 2173 244 2192 .
286 2120 409 2196 sebius
436 2116 888 2194 aitfflrcucomvff.
918 2118 1002 2193 148.

386 2238 471 2314 Non
502 2240 666 2315 alienum
697 2241 832 2338 putavi
865 2240 987 2316 locum
1018 2237 1204 2314 difficilem
1230 2246 1359 2341 paullo

286 2357 434 2434 uberius
460 2382 649 2451 enarrare,
676 2379 750 2458 quo
775 2360 1085 2458 mysteriograpbi
1110 2373 1286 2459 tunquam
1313 2368 1359 2439 ti-

205 2509 213 2518 *
285 2476 406 2552 hicine
438 2478 629 2580 doctrinae
663 2483 864 2554 esotericae
889 2477 1205 2579 praesumtionem
1225 2485 1360 2558 ‘sufful-

167 2628 169 2633 ·
287 2599 405 2688 ciunt,
447 2621 514 2672 nec
555 2619 718 2698 unquam
750 2613 943 2700 reputant,
976 2600 1065 2700 quid
1097 2607 1277 2678 momenti
1309 2606 1359 2679 atl

286 2735 433 2792 causum
460 2739 567 2793 auam
594 2717 732 2794 afluat
783 2721 881 2797 Num
898 2722 1149 2797 Tertullianus
1174 2723 1359 2800 delectum

284 2838 469 2936 quendam
494 2842 736 2915 initiatorum
752 2840 869 2915 fuisse
885 2841 1000 2914 dicut
1025 2863 1116 2916 num
1137 2845 1271 2940 gradus
1287 2865 1358 2945 pro

285 2955 463 3052 dignitate
490 2962 776 3056 competitorum
803 2958 1020 3032 dnunetmt
1044 2981 1134 3036 uum
1158 2967 1254 3039 elios
1272 2985 1359 3064 pro·

284 3077 403 3168 batos,
428 3079 522 3151 alios
548 3079 717 3171 rejectos,
742 3076 837 3150 alios
856 3080 897 3151 in
915 3079 1044 3153 limine
1062 3093 1236 3174 retentos,
1263 3087 1358 3161 alios

129 3231 136 3244 „
284 3199 325 3268 in
358 3199 482 3293 ipsum
516 3197 623 3294 qussi
655 3213 783 3269 sanae
815 3195 1004 3271 doetrinae
1028 3201 1276 3280 medinrllluru
1300 3210 1358 3281 in.

234 3365 236 3368 -
286 3306 475 3390 troduotos
501 3315 708 3390 memorati

340 3461 344 3469 *
385 3432 586 3509 Veniamus
608 3435 657 3509 etl
673 3437 830 3510 alterum
845 3450 987 3512 testem.
1012 3439 1116 3516 l'lrco
1130 3441 1356 3541 Smyrnaetu

226 3655 231 3664 .
284 3552 458 3629 Mathoni.
487 3555 527 3675 Ἰ.
554 3579 590 3653 p.
628 3557 685 3634 le.
720 3551 785 3630 edss
810 3555 904 3632 But.
929 3561 1087 3665 καὶγὰρ
1109 3565 1229 3664 αὐτὴν
1249 3580 1353 3669 φιλο-

356 3758 394 3828 [0]
419 3761 451 3812 In
476 3761 557 3830 primo
581 3760 674 3832 itinere
697 3763 800 3816 Graeco
827 3793 859 3802 -
884 3781 917 3816 an
941 3764 967 3816 in
990 3768 1102 3821 secmdo
1124 3787 1212 3823 rursus
1235 3771 1354 3826 initiatus

285 3827 379 3892 luerit,
397 3825 499 3884 dubitat
517 3829 652 3884 Schedius
671 3831 762 3886 Chart.
779 3833 820 3886 Pa
840 3873 845 3885 .
864 3852 889 3903 p.
909 3832 951 3885 80.
964 3837 1008 3889 cf.
1025 3833 1149 3892 Dulleeus
1167 3841 1200 3893 de
1217 3842 1275 3895 libr.
1293 3859 1353 3913 sup·

320 3915 341 3949 t.
366 3898 444 3954 Dion·
466 3907 497 3964 at
520 3904 605 3974 lguet
631 3905 652 3956 l.
677 3902 719 3956 13.
736 3922 768 3974 p.
792 3851 837 3956 8AE
861 3904 989 3958 Dodwell.
1014 3907 1123 3964 ”insert
1142 3910 1175 3963 de
1192 3917 1244 3965 net.
1309 3915 1316 3928 ‘
1347 3951 1352 3964 .

285 3912 380 4088 ἓξὲξ
400 3967 680 4098 ζεοῇὂώέιιιῑιὲἒὲη.
704 3975 840 4043 Naclrtrag
865 3991 897 4025 zu
923 3974 1009 4029 idele'r
1026 3978 1115 4032 histor.
1133 3981 1263 4037 Untersuc
1281 4022 1287 4034 .
1306 3984 1352 4038 ‹ier
