2800 4759
250 233 322 306 180
601 235 746 291 uresn
771 216 958 287 enimus.

183 428 187 435 ’
248 404 412 488 intersit,
438 402 507 473 etsi
534 409 613 471 arte
639 390 902 492 comprehendi
926 412 1002 466 non
1028 398 1171 487 potest,
1197 396 1329 458 tamen

250 523 497 620 unusquisque
522 520 730 617 peritorum
754 512 937 606 intelligit.

716 770 749 868 s.
801 770 862 841 22.
951 790 953 793 v

355 1002 484 1094 Longa
509 997 599 1070 haee
631 993 704 1067 fuit
737 989 979 1071 acb-instituto
992 1006 1119 1067 ,cursu
1146 985 1332 1081 digressio

255 1121 321 1196 sed
347 1121 396 1195 ad
422 1113 709 1216 explicandum,
745 1133 839 1208 quae
864 1109 988 1203 pxorsi
1018 1128 1166 1197 sumus,
1204 1127 1335 1183 neees-

257 1245 366 1317 saria.
418 1239 514 1314 Nam
551 1238 584 1309 si
622 1245 780 1333 apparet
814 1241 961 1305 veteres
994 1228 1255 1323 archaeologos
1289 1226 1335 1297 in

256 1357 543 1458 interpretandis
568 1357 753 1450 maJ‘orum
767 1351 959 1425 'institutis
988 1349 1089 1423 haud
1114 1349 1334 1425 aliterver·

260 1493 362 1559 satos
395 1499 613 1573 essequam
648 1476 688 1546 in
720 1484 916 1571 poetarum
942 1470 1078 1547 fabrdis
1110 1473 1335 1566 interpretes

143 1618 147 1627 ’
184 1690 187 1699 ¹
260 1600 496 1696 allegoricos,
511 1598 613 1683 ,hine
625 1591 846 1667 concludere
857 1613 1075 1690 possumus,
1102 1592 1229 1667 omnia
1250 1588 1337 1676 illa,

261 1722 423 1821 quaein
447 1718 636 1813 mysteriis
661 1713 800 1789 tradita
825 1736 906 1789 esse
932 1711 1121 1801 dicuntur,
1159 1733 1233 1785 non
1260 1722 1338 1782 tra-

261 1843 341 1917 dita
365 1863 446 1916 esse
472 1837 539 1912 sed
564 1834 878 1934 abspectutoribus
893 1836 1117 1929 excogitata,
1143 1834 1338 1907 sieutsen·

261 1965 401 2038 tentiae
426 1958 713 2054 Pythagoricae,
739 1955 970 2042 Platonicae,
997 1952 1155 2042 Stoicae,
1182 1954 1340 2050 quasin

261 2083 420 2161 Homeri
446 2077 669 2153 carminibus
695 2077 769 2170 legi
782 2073 1233 2169 ,affirmantAllegoretae
1258 2096 1341 2149 non

263 2215 398 2302 poetae
436 2211 522 2273 sunt
554 2198 665 2287 effata
697 2194 765 2269 sed
796 2196 964 2294 ipsoiurn
997 2196 1341 2299 interpretamenta

265 2316 501 2410 Sacerdotes,
539 2321 764 2417 periegetas,
803 2315 973 2390 aedituos
1006 2317 1185 2393 nonnulla
1210 2319 1341 2413 priva·
1394 2298 1395 2305 Ν

265 2446 336 2517 tim
362 2441 661 2529 subrmnistrasse
687 2437 892 2525 sacricolis,
919 2459 995 2513 non
1013 2439 1252 2533 negaverim,
1270 2435 1343 2515 sed

268 2565 395 2662 potius
420 2563 475 2632 ita
500 2556 740 2645 contendam,
778 2538 968 2633 sacrorum
993 2568 1208 2654 opertorrnn
1233 2561 1344 2648 ritus,

267 2705 340 2781 quo
368 2680 586 2755 occultiores
612 2692 735 2751 essent
761 2687 799 2748 et
824 2679 1102 2769 insolentiores,
1144 2701 1189 2755 eo
1221 2682 1343 2775 magis

269 2816 350 2876 tum
382 2812 609 2899 spectatores
643 2797 693 2871 ad
725 2816 854 2875 omas
887 2796 1130 2897 indagandas⁴
1151 2802 1344 2889 excitasse,

269 2933 349 2995 tum
373 2922 479 3010 illos,
519 2910 680 3018 quorum
701 2919 897 3006 intererat,
934 2919 1099 3015 nequid
1131 2943 1258 2997 oerum
1284 2946 1344 2994 re-

269 3064 355 3116 rum
392 3042 533 3114 nescim
567 3038 800 3126 viderentur,
840 3018 889 3110 ad
922 3039 1251 3119 comminiscendas
1283 3065 1347 3117 sa-

272 3183 418 3235 crorum
451 3183 583 3234 carrsas
614 3159 745 3233 fecisse
777 3159 1011 3256 promtiores.
1074 3160 1181 3237 Haec
1216 3174 1347 3238 autem

272 3282 417 3369 omnia,
455 3301 550 3376 quae
583 3281 722 3355 initiati
754 3280 816 3355 vel
850 3302 873 3353 a
904 3280 1158 3357 sacerdotibus
1195 3261 1348 3383 accepe-

271 3407 377 3489 runt,
402 3399 465 3474 vel
489 3401 700 3493 conjectura
726 3400 896 3494 augusti
920 3414 1025 3491 sunt,
1050 3402 1174 3499 qualia
1191 3404 1349 3481 oenum

271 3520 396 3609 fuere,
430 3540 541 3617 quam
565 3522 705 3616 pusilla
738 3530 776 3593 et
800 3521 976 3619 puerilia!
1028 3520 1125 3596 Vino
1151 3524 1349 3602 libidinem

271 3640 436 3729 incitari,
473 3641 648 3715 mortales
680 3640 846 3736 frugibus
879 3653 917 3714 et
949 3640 1130 3717 fructibus
1161 3643 1348 3733 victitare,

273 3759 373 3833 veris
397 3759 506 3832 initio
532 3784 640 3856 agros
666 3763 908 3850 efflorescere,
935 3770 1115 3837 autumno
1133 3775 1262 3839 exacto
1280 3765 1349 3838 de-

272 3875 482 3969 florescere,
518 3880 689 3955 haeccine
715 3893 803 3961 sunt
834 3881 901 3957 illa
926 3882 1197 3979 Pelasgicorum
1222 3885 1348 3983 philo-

272 3996 475 4096 sophorum
500 4013 627 4075 sancta
663 3986 700 4075 et
727 4013 882 4097 augusta
906 4006 1106 4099 mysteria,
1145 4027 1240 4103 quae
1273 4005 1349 4077 soli
