2800 4759
283 252 357 332 104
502 299 506 307 .
634 264 778 320 uranu
804 258 989 319 narnus.

280 427 384 525 τελὴς
417 423 596 527 φαίνηται
617 424 721 503 ’ἀλλὰ
753 432 831 511 τοῖς
863 423 948 504 λίαν
981 431 1122 526 σοφοῖς.
1182 414 1242 495 Do
1268 420 1351 495 Ari-

280 546 415 620 stotele
447 545 559 619 multi
589 545 656 618 sed
688 542 908 620 brevissime
940 542 1151 619 chalcidius
1182 545 1223 615 in
1255 540 1352 614 Tim.

282 692 311 740 c
339 662 636 740 CCCXXs394.
667 664 811 740 Fabric.
839 666 985 765 juxta
1026 663 1258 737 dicentem
1295 658 1354 734 tit

281 784 562 878 obscuritas,
588 808 723 884 quum
747 784 1000 860 velstudio
1029 783 1231 881 dataque
1251 796 1353 880 ope-

282 928 332 980 ra
356 904 520 1002 dogma
544 928 673 981 suum
698 906 829 981 velat
854 916 1040 992 auctor,
1066 904 1354 978 utfecerunt

202 1047 205 1052 ·
282 1025 569 1102 Aristoteles
603 1039 651 1101 ct
684 1025 976 1114 Heraclitus,
1002 1026 1077 1100 vel
1102 1021 1353 1098 imbecilli-

283 1160 380 1222 tate
405 1149 646 1222 sermonis.
704 1148 764 1222 Ita
795 1144 979 1245 quidquid¹
999 1157 1066 1219 aut
1089 1144 1263 1220 subtilius
1291 1166 1355 1227 ex-

283 1271 482 1364 cogitatum
515 1278 581 1341 aut
611 1269 843 1341 adificiosius
879 1264 1146 1356 enuntiatum,¹
1168 1287 1281 1364 quam
1316 1277 1356 1338 ut

224 1464 228 1477 ,
283 1390 525 1464 semisomnes
549 1386 754 1483 intelligere
779 1387 941 1485 possint,
972 1386 1013 1459 id
1026 1386 1095 1459 'illi
1119 1389 1160 1458 in
1185 1386 1355 1459 fraudem

283 1522 322 1582 ct
353 1508 630 1582 frustrationem
662 1506 841 1580 lectorum
874 1503 1144 1605 simpliciorum
1171 1509 1385 1605 composi-⁴

282 1641 364 1703 tum
380 1649 470 1707 ,esse
494 1626 637 1702 volunt
673 1624 785 1715 Quod
809 1649 901 1702 vero
926 1628 1013 1699 huic
1038 1628 1207 1729 opinioni
1231 1617 1356 1724 p'roxi-

283 1764 387 1823 mum
420 1760 459 1822 ot
489 1769 717 1845 consequens
743 1760 841 1837 erat,
865 1759 907 1820 ut
932 1768 1015 1835 eos,
1042 1770 1134 1844 quos
1160 1744 1293 1821 endem
1306 1733 1355 1820 ¹'in

282 1866 476 1944 scribendo
502 1869 647 1941 ratione
672 1888 760 1941 usos
786 1889 867 1940 esse
891 1878 1084 1965 putarent,
1117 1867 1249 1941 eodem
1277 1892 1355 1943 mo

284 1987 333 2062 do
358 1991 709 2085 interpretarentur,
739 1986 780 2059 id
813 1986 963 2084 quidem
993 2010 1070 2073 non
1102 1987 1268 2063 iecerunt
1294 2013 1355 2064 ne·

282 2130 356 2207 que
388 2104 645 2201 'llrucydidem
678 2104 748 2179 sub
781 2110 904 2204 specio
937 2105 1026 2180 belli
1052 2107 1357 2207 Peloponnesiaci

283 2223 388 2300 aliud
406 2224 495 2323 quid
516 2248 626 2323 quam
647 2222 748 2323 quod
763 2247 893 2299 omnes
912 2227 1133 2323 intelligunt,
1159 2230 1355 2307 tradidisse

283 2347 463 2444 suspicati
504 2356 609 2436 sunt3
654 2347 745 2443 quin
782 2368 830 2419 ne
869 2345 1152 2445 Lycophronem
1192 2353 1353 2450 quidem.

284 2462 383 2545 crui
415 2462 514 2557 Quia
543 2478 623 2540 tota
648 2466 853 2567 allegoriae
879 2470 1042 2567 suspicio
1075 2470 1150 2545 u'ou
1184 2495 1231 2546 ex
1261 2475 1354 2574 ipsis

283 2586 524 2686 scriptoribus
557 2609 676 2684 nequo
709 2611 756 2660 ex
790 2589 945 2685 pmpria
970 2587 1129 2686 quadam
1155 2593 1354 2667 verborum

285 2716 325 2780 et
355 2709 620 2783 sententiarum
652 2708 947 2782 contumatiam
978 2707 1089 2783 ducta
1118 2709 1186 2784 sed
1218 2716 1354 2788 extrin-

285 2848 391 2902 secus
428 2829 536 2903 illata
574 2839 648 2917 est,
689 2841 727 2902 et
759 2829 849 2926 quia
880 2830 1032 2904 omnino
1064 2830 1122 2905 illi
1154 2852 1231 2904 non
1263 2832 1353 2931 quid

211 2943 213 2946 ⁴
285 2951 439 3048 quisque
462 2959 632 3024 veterum
658 2946 814 3038 dixerit,
847 2948 914 3022 sed
940 2949 1229 3048 quidsenserit,
1264 2952 1353 3051 quid

283 3070 432 3141 tacite
418 3091 460 3145 ιιι
486 3070 611 3142 nmmo
636 3067 877 3160 volutaverit,
902 3093 948 3142 ex
973 3092 1029 3159 ea,
1055 3094 1166 3168 quam
1193 3071 1240 3145 de
1263 3096 1353 3170 poe·

283 3189 333 3259 tis
359 3188 518 3284 antiquis
542 3200 795 3287 praesumtum
820 3188 1017 3279 habebant,
1042 3193 1246 3337 sapientiae
1272 3196 1352 3295 opi-

283 3306 396 3379 uione
421 3308 632 3402 conjectare
651 3308 777 3385 conati
799 3322 896 3383 sunt
1201 3376 1204 3379 ,

282 3462 284 3467 ·
385 3424 547 3500 Videant
592 3428 706 3522 igitur
750 3428 1039 3523 symbolicarum
1078 3394 1352 3532 interpretatio·

276 3562 374 3619 num
407 3548 611 3645 cupitores,
636 3568 737 3646 quos
769 3546 890 3623 duces
913 3563 1133 3650 sequantur,
1165 3555 1352 3630 similesne

216 3730 224 3759 „
283 3676 495 3742 nostrorum
520 3670 763 3767 interpretum
789 3670 853 3767 qui
879 3670 971 3768 quid
994 3674 1170 3770 cuiusque
1195 3677 1351 3772 scripto·

282 3784 336 3855 ris
361 3797 484 3881 setas,
505 3787 595 3887 quid
619 3811 735 3887 genus
760 3788 962 3882 scribendi,
975 3791 1079 3890 ¹quid
1103 3795 1228 3890 operis
1252 3796 1349 3867 ratio

283 3904 422 4000 exigat,
454 3909 660 4006 ponderare
690 3909 833 3998 solent,
862 3932 912 3984 an
944 3910 991 3985 de
1015 3911 1086 4011 lioc
1111 3929 1187 3984 uuo
1213 3913 1350 3987 sollici-

211 4086 214 4091 ,
281 4034 412 4113 tosne
435 4027 526 4127 quid
549 4030 664 4128 impis
688 4027 927 4115 ab,Homcro
953 4028 1092 4107 dictum
1122 4035 1348 4125 inveniatur,
1382 4128 1383 4143 ,
