2800 4759
171 306 172 309 a
275 251 348 324 lou
629 258 772 315 moun
797 258 985 314 paruus

272 423 499 520 antiquiores
542 419 709 517 Antipho
755 433 792 493 et
837 410 1104 507 Philochorus,
1158 418 1342 514 aruspices

272 542 526 619 Athenienses.
577 541 724 615 Horum
746 542 862 638 aliqui
882 540 1041 615 tortasse
1060 534 1259 612 sacerdotii
1277 536 1342 608 ho-

270 687 362 737 nore
393 663 558 736 contenti
594 663 787 735 seientiam
822 678 899 735 non
932 660 1094 758 professi
1128 671 1235 746 sunt,
1278 654 1343 729 sed

269 783 371 859 haud
403 783 514 882 pauci
545 785 694 882 seriptis
727 783 805 854 suis
838 781 1072 879 disciplinam
1105 778 1342 852 sacrificalem

269 918 307 978 et
331 906 568 1002 antiquitates
593 926 717 976 rerum
739 902 952 978 divinarum
976 902 1218 974 illustrarunt.
1258 898 1339 971 Phi-

268 1026 440 1099 loehorus
466 1023 514 1097 de
539 1026 726 1097 sacrificiis
752 1025 916 1122 scripsit;
943 1020 1128 1095 Nicander
1150 1033 1233 1094 tum
1257 1042 1341 1115 gen·

268 1150 365 1220 tium
388 1144 607 1242 urbiumque
635 1145 794 1239 origines
820 1154 1005 1217 scrutatus
1031 1153 1089 1215 est
1102 1158 1106 1165 ·
1120 1154 1214 1215 tum
1228 1141 1340 1213 histo-

266 1269 361 1340 riam
387 1266 620 1338 oraculorum
648 1267 900 1356 concinnavit3
939 1264 1135 1353 Proculus,
1167 1261 1339 1335 Nicoma-

267 1388 327 1460 chi
361 1388 563 1483 interpres,
602 1388 913 1458 commentarium
946 1385 994 1458 de
1025 1384 1229 1478 Theologia
1262 1381 1339 1454 edi·

266 1503 334 1594 dit,
358 1484 523 1603 itemque
540 1504 586 1576 de
601 1504 731 1578 fabula
747 1505 959 1596 Pandorae;
984 1505 1178 1608 Apollonii
1192 1503 1337 1601 Aphro

265 1626 438 1700 disiensis
461 1624 557 1699 liber
580 1624 653 1697 suit
677 1626 762 1727 περὶ
782 1628 947 1727 Ὀρφέως
981 1628 1045 1704 καὶ
1076 1636 1157 1704 τῶν
1180 1634 1337 1702 τελετῶν

264 1749 392 1825 αὐτοῦ.
446 1744 644 1819 Arrianum
677 1748 717 1818 in
752 1756 909 1843 utroque
944 1769 1058 1847 opere
1082 1768 1209 1820 rerum
1236 1745 1335 1822 divi-

262 1890 407 1941 narum:
432 1868 671 1964 antiquitates
705 1876 882 1939 tractasse
919 1877 999 1941 tum
1031 1868 1185 1941 Photius
1210 1878 1336 1941 testa·

135 2021 166 2055 τ
260 1997 340 2075 tur,
366 1999 457 2061 tum<
474 2011 520 2060 ex
544 1989 609 2077 iis,
643 2010 738 2083 quae
764 2001 981 2085 supersunt,
1013 1988 1174 2085 judicari
1199 1999 1334 2085 potest

261 2094 388 2195 Quum
411 2108 523 2201 igitur
549 2106 595 2179 de
621 2109 809 2200 mysteriis
841 2109 961 2182 multa
976 2135 979 2140 ¹
991 2112 1172 2207 privatim
1204 2121 1243 2181 et
1281 2108 1334 2195 dif

261 2237 320 2300 cta
351 2237 390 2300 et
421 2229 560 2325 scripta
591 2229 683 2315 sint,
722 2250 893 2323 quorum
912 2213 1083 2304 auctores
1108 2233 1333 2325 ignoramus,

258 2330 467 2420 manifesto:
482 2356 657 2446 apparet,
695 2345 747 2419 ad
771 2346 1121 2440 demonstrandum,
1160 2349 1249 2448 quid
1277 2354 1332 2424 in-

257 2477 315 2539 ter
339 2469 586 2564 penetralium
611 2478 788 2565 consepta
807 2473 1043 2567 propositum
1068 2471 1331 2546 fuerit'initia-

257 2589 325 2677 tis,
350 2588 454 2660 nullo
480 2590 695 2661 testimonio
722 2588 925 2681 adlicere,
953 2594 1012 2665 cui
1037 2614 1112 2664 non
1137 2595 1268 2667 auctor
1294 2605 1331 2667 et

158 2774 159 2777 ,
255 2706 359 2778 locus
385 2718 423 2778 et
447 2719 603 2808 tempus*
627 2710 849 2783 nominatim
885 2713 960 2784 sint
983 2716 1211 2812 praescripta
1218 2739 1228 2806 3
1270 2739 1330 2790 eu·

201 2849 203 2853 ·
250 2824 420 2937 jtumodi
444 2830 718 2918 testimonium5
745 2829 846 2927 quod
872 2831 1022 2929 quidem
1048 2833 1329 2910 ad‘rerum‘di·

254 2946 442 3019 vinamm
462 2944 669 3022 doctrinam
702 2952 906 3047 pertineat,
944 2954 1089 3030 nullum
1125 2959 1328 3049 iuvenitur,

252 3087 372 3165 neque
396 3068 557 3142 inveniri
582 3079 717 3166 potest

715 3274 749 3374 u.
799 3277 861 3351 re.

356 3419 503 3512 Quanto
530 3446 644 3524 opere
669 3449 798 3503 eorum
823 3431 1078 3531 improbamus
1096 3439 1325 3536 opinionem,

251 3545 314 3641 qui
332 3543 616 3629 Eleusiniorum
650 3560 820 3624 auctores
854 3565 892 3625 et
924 3558 1123 3630 antistites
1140 3560 1261 3654 gloria
1285 3573 1324 3634 et

251 3661 526 3760 praedieatione
561 3666 717 3744 efferunt
755 3678 982 3774 summisque
1020 3681 1168 3773 generis
1202 3683 1322 3756 nostri

251 3786 552 3882 praeceptoribus
572 3791 826 3888 aequiparant,
851 3805 996 3870 tantum
1017 3798 1133 3897 abest,
1159 3811 1202 3873 ut
1217 3803 1321 3901 Apo·

250 3903 381 3998 legetis
399 3903 616 3984 Christianis
642 3916 898 4007 assentiamur,
925 3916 1058 4014 quibus
1085 3925 1216 3995 secreti
1235 3946 1320 4019 my-

249 4026 447 4100 steriorum
472 4039 598 4103 coetus
622 4031 815 4109 helluaudi
835 4046 876 4108 et
894 4036 1084 4112 scortandi
1104 4064 1215 4116 causa
1237 4054 1319 4116 tum
