2800 4759
465 223 736 278 11111111.
1056 212 1130 286 373

32 455 36 461 ,
74 378 177 450 data
201 379 509 475 profitentur.
543 399 745 474 paremque
770 382 848 454 vim
874 381 1129 476 adjuvandas

73 519 269 595 puerperas
295 499 478 571 Pontificii
504 520 618 571 zonas
651 497 862 572 benedictas
896 500 1031 575 habere
1055 525 1129 577 cre·

16 609 21 690 J
73 617 169 691 dunt.
219 617 390 691 Indidem
422 619 610 715 profectae
643 620 772 693 variae
797 617 1037 698 Orientalium
1070 647 1131 702 su·
1214 601 1217 608 Ξ

14 760 15 763 ’
71 741 301 838 perstitiones
325 762 362 814 v.
379 739 499 811 lkcnii
513 738 669 810 Dissert.
684 737 814 809 Philol.
830 738 955 815 Theoi.
980 766 1015 839 p.
1034 742 1128 833 184„

14 910 16 926 2
73 871 106 931 et
132 859 226 953 liber
257 862 427 954 vmagicus
463 855 710 952 Cingulum
748 858 1010 933 Salomonis
1047 880 1129 931 seu

14 1025 16 1034 ,
70 982 306 1064 vinculum
368 980 619 1076 spirituum
680 980 888 1076 inscriptus.
944 1003 980 1053 v.
1034 977 1130 1049 Ge-

14 1192 15 1197 *
73 1100 276 1172 schichte
327 1098 407 1172 der
446 1098 852 1172 Talismanisehen
889 1099 1044 1173 Kuust.
1094 1118 1127 1171 a.

76 1221 176 1294 1792.
196 1245 239 1318 p.
266 1220 326 1292 72.

164 1340 268 1413 XIX.
301 1339 521 1439 Κὰτάβασις
545 1345 581 1424 ἐς
606 1341 720 1439 ᾅδου·
747 1341 915 1415 Prodico·
929 1339 1127 1439 adscripta,

27 1533 29 1536 ,
71 1465 128 1556 qui
160 1463 194 1532 si
226 1473 283 1532 est
314 1462 378 1532 ille
403 1480 511 1556 quem
537 1461 784 1556 suspicamur,
826 1483 942 1560 coque
967 1463 1143 1534 carmine.

71 1603 137 1652 non
163 1580 297 1653 Bacchi
323 1590 390 1653 aut
413 1579 584 1653 Herculis
612 1578 825 1654 descensum
851 1583 1036 1656 enarravit
1060 1580 1127 1653 sed

14 1752 16 1806 p
73 1702 205 1798 Orphei
239 1703 383 1798 ipsius‚·
414 1723 546 1797 quum
585 1700 771 1800 pallida
803 1723 941 1795 regna
972 1700 1125 1773 Bisto-

14 1809 16 1886 ζ
72 1824 168 1893 nius
195 1833 328 1897 vetes
353 1819 652 1914 flammisque
677 1819 942 1893 Acheronta
966 1842 1124 1893 sonan·
1249 1893 1252 1898 .

73 1940 405 2039 tem'placavit
437 1940 568 2037 (Silius
601 1938 666 2011 Xl.
699 1938 802 2037 473.)
837 1941 1000 2037 sequitur
1032 1938 1125 2010 hanc

14 2109 16 2170 fi
73 2062 246 2149 fabulam,
282 2082 393 2158 quam
411 2055 625 2133 Clavinius
659 2058 710 2131 ad
733 2058 906 2158 Apollod.
940 2059 982 2133 Τ.
1007 2059 1053 2132 11.
1088 2081 1125 2156 p.

14 2174 16 2228 Ξ
76 2183 127 2254 32.
150 2183 198 2257 eb
214 2181 517 2254 Hermesianacte
539 2181 730 2254 inventam
755 2191 879 2276 putat,
904 2201 980 2251 non
1003 2178 1140 2268 solum,

14 2237 16 2342 Ξ
73 2304 172 2399 hujus
199 2314 358 2376 aetatem
384 2297 564 2372 excedere
588 2298 656 2371 sed
681 2303 795 2398 etiam
819 2301 971 2373 Platone
997 2299 1125 2393 Symp.

14 2416 16 2476 i
73 2450 104 2522 p.
121 2426 202 2499 179.
228 2425 276 2496 Ι).
302 2433 340 2495 et
354 2420 534 2525 Euripide
556 2419 636 2498 Alc
652 2417 738 2493 557.
765 2421 1008 2517 antiquiorem
1035 2437 1126 2504 esse,

73 2557 150 2617 ante
176 2543 407 2641 quosZoega
432 2541 601 2614 Bassirel.
626 2564 663 2639 p.
683 2538 766 2611 198.
790 2538 932 2611 nullum
959 2536 1038 2629 ejus
1063 2557 1126 2609 ve-

14 2760 15 2769 *
74 2669 215 2761 stigium
238 2664 394 2760 reperiri
419 2660 598 2733 censebat.
649 2658 802 2733 Servius
830 2656 879 2729 ad
905 2658 1036 2751 Georg.
1060 2652 1125 2730 IV.

14 2789 16 2882 j
75 2786 152 2864 317.
179 2783 391 2880 Orpheus
425 2785 648 2877 quaerens
681 2780 846 2869 uxor-is
866 2773 1124 2868 Eurydices
1253 2799 1255 2804 ¹

14 2925 16 2996 ;
75 2918 260 2978 mortem
300 2902 356 2974 ad
392 2901 571 2973 inferos
599 2897 913 2972 descendisse
945 2895 1124 2967 existi-

14 3030 15 3089 f
74 3038 234 3112 matur,
269 3035 324 3094 et
369 3020 419 3094 ad
456 3044 493 3096 v.
524 3019 612 3092 493.
653 3019 758 3092 affert
795 3015 937 3087 Lucani
977 3034 1125 3088 versum

14 3198 16 3239 Ξ
75 3169 118 3218 ex
152 3147 231 3240 ejus
265 3142 433 3239 Orpheo:
470 3137 703 3211 Gaudent.
727 3160 751 3209 a
776 3137 876 3228 luce
909 3135 1123 3207 relictam

13 3255 16 3348 Ξ
75 3263 332 3360 Eurydicen
357 3265 525 3335 iterum
553 3263 803 3355 sperantes
824 3254 1010 3352 Orphea
1039 3251 1124 3324 Ma·

14 3388 16 3431 ³
75 3390 211 3482 nes[⁸].
268 3383 328 3455 Ex
353 3382 512 3454 carmine
536 3379 621 3475 ipso
646 3378 740 3450 nilril
765 3386 897 3464 restat,
929 3376 1002 3447 nisi
1027 3374 1122 3445 forte

14 3507 16 3654 p
74 3507 162 3579 illud
210 3502 310 3602 quod
360 3499 574 3575 Plutarchus
628 3500 669 3598 in
721 3494 855 3570 celebri
906 3492 1124 3591 Epimythio

14 3656 16 3692 Ξ
140 3662 176 3731 [e]
194 3660 247 3711 Pro
271 3656 431 3724 Agriope‚
455 3652 580 3723 quomodo
603 3650 789 3703 Hermesisnax
805 3647 897 3700 Athen.
921 3642 1071 3698 11111697.
1092 3643 1123 3695 Β.
1221 3649 1224 3653 “

14 3713 16 3777 f
76 3741 160 3796 vocat,
178 3730 269 3796 Zocge
286 3728 303 3778 l
322 3745 344 3779 1.
362 3726 512 3793 Argiope
529 3729 559 3774 ut
579 3721 665 3773 mitius
683 3738 773 3773 nornen
791 3716 912 3770 substitui
929 3715 1048 3770 malebat.
1074 3714 1125 3766 Ar-

14 3808 16 3874 Ξ
77 3800 146 3869 giope
160 3798 341 3853 Philammonie
362 3812 429 3848 uxor
445 3794 540 3848 dicitur
556 3791 722 3860 Apollodoro,
739 3789 849 3841 Arsinoe
866 3785 938 3837 Suid.
956 3804 975 3836 s.
997 3780 1124 3854 Θάμυρις,

77 3871 157 3924 811111.
180 3871 213 3923 sd
236 3868 268 3930 11.
292 3868 328 3920 11.
352 3864 395 3918 49.
418 3865 518 3917 Eudoe
536 3880 560 3932 p.
577 3863 620 3914 22.
644 3856 1021 3928 SequentesHermesieneetis
1036 3870 1126 3907 versus

14 3879 16 3994 Ξ
78 3942 143 3993 varie
165 3941 298 4007 corrigunt
320 3935 456 3990 Jacobsius
481 3935 565 3986 Enim.
589 3950 614 4000 p.
638 3928 697 3982 322.
722 3927 883 3985 Doederlein.
901 3926 1014 3995 symbol.
1032 3923 1124 3978 Philol.
1187 3977 1190 3984 Δ

14 4003 16 4078 Ξ
78 4028 102 4080 p·
117 4010 172 4065 248.
188 4018 216 4065 et
232 4008 339 4063 Vossius
357 4006 391 4061 ad
407 4007 443 4061 Η.
460 4007 488 4059 in
506 4005 565 4058 Cer.
583 4020 609 4074 p.
629 4000 688 4056 130.
774 4054 777 4060 ,
934 4006 938 4015 ’

14 4083 16 4138 l

14 4141 16 4198 l
