2800 4759
908 215 1456 272 oarnrcs.
2098 198 2252 281 686
2374 183 2377 188 ’

103 373 289 449 437.
355 370 669 448 Siebelis
733 371 831 447 ad
865 370 1223 446 Phanod.
1291 394 1365 471 p.
1438 368 1554 446 lo.
1630 368 1846 447 Aduo
1907 392 2258 471 nmgnum

104 496 266 569 illis
338 494 693 591 flagitium
745 494 992 569 xrisum
1046 489 1307 587 videre
1355 490 1555 592 quod
1606 502 1780 567 ante
1843 491 2072 592 pedes
2122 508 2256 573 est.

106 612 299 705 Quis
366 616 564 689 enim
634 635 895 689 eorum
945 613 1321 688 nesciebat
1371 612 1637 688 eodem
1689 611 1920 689 modo
1969 616 2256 715 priseos

104 736 438 811 Graecos
483 736 925 810 convivatos
978 755 1161 808 esse.
1213 756 1288 809 v.
1337 733 1422 808 11.
1462 733 1601 808 ·IV.
1641 733 1827 809 261.
1878 734 2145 812 Athen.
2195 738 2253 814 1.

110 856 237 931 13.
304 858 403 932 D.
490 856 662 930 Pari
740 857 1025 954 antiqui
1094 856 1329 929 moris
1395 875 1525 930 seu
1594 857 2059 952 ignoratione
2118 880 2252 933 seu

103 977 711 1053 dissimulatione
789 974 1250 1052 Dieuchidas
1329 975 1574 1051 Schol.
1643 974 1890 1075 Apoll.
1959 978 2016 1053 1.
2083 976 2256 1056 515.

102 1098 399 1194 linguas
445 1099 859 1173 ‘hostiarum
912 1095 1083 1172 ideo
1110 1097 1415 1195 ‚porrici
1458 1093 1730 1186 tradit,
1791 1096 1992 1197 quod
2035 1098 2256 1181 Alea*
2324 1141 2327 1146 ·

102 1219 283 1293 thus
335 1218 734 1319 aliquando
785 1216 1232 1324 porrigenda
1276 1216 1528 1312 lingua
1562 1215 1824 1308 leonis,
1875 1241 2092 1319 quem
2121 1221 2267 1297 alii

104 1362 157 1414 a
224 1362 307 1414 se
368 1342 696 1414 occisum
748 1340 1271 1427 mentirentur,
1334 1339 1698 1413 victorem
1752 1360 1837 1415 se
1885 1340 2250 1439 probave-

102 1463 247 1551 rit,
314 1461 528 1559 quasi
591 1481 747 1534 non
791 1459 1009 1534 idem
1077 1480 1242 1533 mos
1309 1457 1514 1557 apud
1578 1459 1771 1534 alios
1820 1458 2252 1553 obtinuerit,
2319 1518 2323 1522 .

104 1580 213 1655 ad
266 1602 451 1681 quos
501 1580 708 1655 nulla
754 1580 957 1655 illius
1007 1580 1461 1676 Megarensis
1509 1580 1713 1655 fama
1763 1584 2124 1681 pervenit.
2145 1601 2150 1610 ·
2175 1605 2252 1658 v.

103 1700 788 1797 Schweighaeuser.
858 1701 959 1776 ad
1016 1680 1306 1776 Athen.
1354 1699 1555 1777 XIV.
1621 1697 1746 1776 78.
1810 1725 1887 1800 p.
1938 1702 2113 1776 661.
2165 1702 2251 1778 Τ.
2405 1738 2410 1744 ·

106 1821 272 1896 VII.
326 1822 569 1896 Schol.
620 1822 967 1897 Ambros.
1020 1822 1121 1897 ad
1172 1820 1314 1896 Οὐ.
1363 1822 1496 1895 ΙΠ.
1547 1820 1722 1898 332.
1762 1834 1845 1895 et
1873 1820 2051 1898 341.
2099 1824 2254 1898 De-
2327 1818 2341 1824 ’

104 1942 319 2017 licias
382 1963 674 2042 quoque
734 1942 918 2017 facit
976 1942 1380 2018 Suetonius
1429 1944 1512 2017 in
1563 1942 1822 2020 Oetav.
1873 1966 1933 2017 c.
1984 1943 2044 2018 Ι.
2098 1944 2164 2019 V
2177 1968 2254 2019 e-

104 2063 371 2137 litris
424 2063 880 2141 Octavius
931 2086 1203 2162 quum
1252 2063 1534 2139 Marti
1591 2084 1781 2138 rem
1818 2061 2251 2141 *divinam

106 2184 517 2276 faceret,
581 2185 1673 2275 nuntiataincursione,
1726 2184 2254 2263 semicruda

110 2314 329 2380 exta
404 2305 978 2405 raptafoeo
1053 2307 1551 2406 prosecuit
1611 2349 1715 2365 --
1781 2318 1871 2379 et
1937 2308 2252 2382 victor

48 2425 439 2519 -rediit;
520 2426 996 2501 decretum
1086 2427 1367 2500 etiam
1444 2426 1924 2525 publ-icum
1992 2436 2254 2501 exta-

107 2547 475 2638 bat,¹ut
531 2547 630 2621 in
696 2556 1177 2647 posterum
1243 2565 1603 2645 quoque
1669 2558 1886 2622 exta
1946 2543 2251 2622 simili

109 2666 385 2743 modo
462 2668 739 2756 Marti
816 2664 1460 2742 redderentur.
1576 2663 1816 2757 -Quod
1888 2666 2253 2744 refellitur

106 2788 430 2864 Arnobii
504 2790 933 2864 testimonio
995 2788 1089 2862 ΙΙ.
1157 2786 1280 2863 68.
1349 2812 1425 2887 p.
1495 2786 1618 2862 99.
1719 2783 1917 2876 Quu
1935 2801 2009 2861 m
2070 2768 2250 2861 ‘R‘o-

108 2910 362 2985 mulo
416 2908 1071 3020 Pompilioque
1135 2906 1754 3004 regnantibus
1803 2918 2253 3006 percocta

106 3029 390 3130 plane
496 3041 585 3104 et
687 3028 1071 3105 madida
1155 3041 1972 3106 concremarentur
2059 3026 2250 3101 diis
2395 3051 2403 3061 ·

109 3163 369 3243 exta,
417 3174 631 3247 rege
680 3151 843 3226 sub
885 3150 1155 3226 Tullo
1208 3151 1735 3225 semicruda
1787 3151 2248 3247 coepistis

110 3284 211 3347 et
268 3271 623 3349 leviter
689 3274 1096 3346 animata
1157 3271 1647 3372 porricere
1715 3275 2032 3367 prisca
2092 3267 2252 3343 nb-

110 3394 665 3478 servatione
742 3402 1245 3468 contemta.-
1388 3390 1543 3468 Nec
1615 3395 1855 3463 minus
1940 3391 2252 3463 delicate
2357 3393 2365 3402 ’

110 3513 607 3588 Philostratus
658 3511 746 3585 V.
800 3512 1031 3616 Soph.
1079 3515 1173 3589 II.
1230 3511 1296 3587 l.
1348 3497 1523 3587 550.
1587 3515 1912 3608 ephebus
1960 3511 2250 3587 Atticos

108 3646 513 3735 propterea
594 3632 1021 3729 chlamydes
1082 3632 1325 3734 pullas
1390 3634 1472 3710 in
1535 3635 1835 3731 pompis
1904 3647 2248 3727 gustasse,

111 3765 203 3831 ut
251 3755 396 3829 hoc
442 3754 721 3853 publici
768 3755 1009 3831 luctus
1049 3755 1476 3831 testimonio
1519 3751 1807 3851 Capreo
1851 3751 2248 3847 Eurysthei

110 3877 465 3976 praeconi
515 3875 610 3950 ab
644 3874 1217 3951 Atheniensibus
1266 3886 1442 3971 ante
1491 3875 1695 3947 mille
1747 3895 1980 3947 annos
2032 3875 2248 3943 inter-

114 3998 312 4072 fecto
390 3998 573 4071 satis
637 3994 932 4088 darent3
997 3999 1135 4074 cui.
1180 3996 1503 4072 similem
1567 3999 1932 4067 rationem
2004 3995 2248 4091 pullae
