2800 4759
466 247 739 304 onrnrcn.
1064 239 1138 314 243

19 393 23 401 ’
80 428 151 479 cum
175 426 362 479 summum
387 403 504 478 tuisse
528 424 606 476 non
632 403 762 491 ⁴solum
787 409 924 483 novitii
956 420 1139 487 testantur
1234 438 1240 443 ·

20 536 21 631 3
78 539 252 616 auctores,
279 525 405 623 quales
429 524 608 605 hactenus
633 524 807 623 producti
832 540 937 618 sunt,
963 530 1029 606 sed
1052 532 1138 608 Pin-

20 658 21 675 ’
78 647 197 737 (larus,
221 645 429 739 Aeschylus
454 644 584 740 Agam.
613 646 723 721 loto.
758 647 970 751 Euripides
984 652 1137 748 Ipth.

20 780 21 861 ζ
79 766 176 843 1199.
229 767 422 841 Summam
448 776 573 839 autem
599 770 787 859 omnium,
803 762 909 868 'quae
925 769 972 843 de
988 771 1138 871 Orpheo

76 887 342 989 praedicantur,
368 888 570 962 Pausanias
596 888 854 987 complectitur
878 888 944 964 IX
960 893 1021 967 30.
1051 897 1140 996 Ὀρ-

20 1086 21 1101 ,
77 1008 241 1113 cuticiaci
264 1012 362 1115 μέγα
385 1003 504 1108 ἦλθεν
529 1008 670 1108 ἰσχύοι
688 1006 750 1086 οἶα
783 1010 1048 1115 πιστευόμενος
1074 1017 1138 1092 εὗέ

76 1134 215 1234 μηκέναι
240 1131 387 1218 τελετὰς
411 1132 518 1210 θεῶν
549 1132 614 1208 καὶ
648 1134 771 1235 ἔργων
787 1130 962 1211 ’ἀνοσίων
986 1139 1136 1237 καθαρ-

74 1254 159 1354 μοὺς
192 1250 320 1332 ’νόσων
361 1282 401 1328 τε
444 1248 587 1352 ἰάματα
630 1253 695 1329 καὶ
737 1252 880 1355 τροπὰς
913 1254 1138 1359 μηνιμάτων

74 1374 200 1465 θείων,
228 1396 324 1471 quae
348 1373 474 1446 omnia
499 1368 549 1446 ad
576 1380 695 1448 unurn'
719 1394 833 1468 genus
857 1373 1045 1465 recidunt,
1080 1377 1139 1449 cui

74 1497 286 1570 recentiores
311 1490 459 1589 Magiae
489 1514 629 1567 nomen
663 1491 890 1569 indiderunt
943 1493 1026 1585 Quo
1053 1519 1140 1570 con-

75 1618 202 1691 tinetur
234 1625 406 1694 τελεστοῦ
439 1610 547 1687 notio
579 1617 729 1714 piacula
761 1615 910 1715 publice
942 1618 1139 1715 privatim-

74 1762 137 1837 que
161 1749 332 1834 suscepta
355 1737 588 1836 procurantis
621 1748 660 1809 et
692 1738 809 1811 animi
842 1739 1057 1834 corporisve
1087 1739 1140 1811 ia·
1220 1809 1223 1813 ,

74 1859 134 1935 hes
154 1882 219 1934 scu
238 1858 393 1957 proprio
415 1880 539 1930 errore
563 1868 770 1931 contractas
793 1857 875 1932 sive
897 1854 1139 1931 hereditarias

75 1983 208 2054 arcanis
234 1972 457 2077 quibusdam
484 1977 694 2050 cerimoniis
721 1977 917 2075 expiantis.

166 2099 274 2173 vlu
298 2092 511 2187 Postremo,
536 2119 585 2171 ne
611 2097 701 2195 quid
729 2099 941 2188 omittatur,
968 2068 1140 2195 Orpheus

76 2218 295 2295 Thracum
321 2210 515 2318 populis
548 2214 642 2291 fuit
674 2212 839 2292 auctor
865 2239 1068 2292 amorem
1094 2220 1141 2290 in

74 2354 255 2424 teneros
282 2332 547 2433 transferre
572 2348 748 2412 mares'
770 2338 882 2417 ovid.
899 2332 989 2412 Met.
1004 2334 1052 2411 X.
1079 2338 1141 2410 83.

74 2456 235 2562 Hyginus
251 2462 402 2557 Astron.
415 2448 496 2534 vn
524 2468 611 2533 eum
631 2448 894 2533 amuiierihus
910 2456 1141 2554 discerptum

20 2578 21 2659 ἒ
75 2580 291 2685 ιιιᾶίιιιιι
316 2574 539 2656 Venerem
571 2581 982 2677 ins'tig-atis,·quia
1007 2575 1150 2674 Jupi-¹
1266 2674 1270 2682 ι

75 2718 137 2780 ιιι
170 2709 218 2780 ih
253 2705 341 2778 lite
378 2696 432 2777 de
458 2690 684 2775 Adonide
720 2697 978 2796 caillopen
1015 2695 1143 2792 judi-

20 2856 21 2993 p
75 2828 166 2902 'aem
197 2826 412 2930 tiedcrat3
456 2816 542 2896 alii
558 2816 742 2894 dicunt
776 2814 898 2919 quod'
931 2811 1143 2916 Orpheus

20 2950 242 3045 iprimus
259 2952 515 3046 puerorum
541 2960 741 3016 amorem
766 2937 1144 3036 induxerit3quod

20 3108 21 3131 2
20 3064 300 3143 aPhanocle
324 3070 380 3141 ita
404 3063 584 3139 uaditum
611 3074 677 3138 cst.
729 3058 836 3135 Plato
862 3056 953 3158 R'ep
978 3056 1026 3132 X.
1053 3056 1140 3131 620

20 3216 21 3221 ’
76 3184 114 3262 A.
139 3192 220 3288 ejus
245 3200 404 3263 mortem
431 3186 637 3263 violentam
662 3195 700 3258 et
711 3190 856 3256 natum
882 3182 1009 3254 hinc
996 3202 1036 3252 m
1062 3198 1143 3251 mu-

20 3328 21 3355 ³
75 3308 176 3385 lieres
198 3304 333 3383 odium
359 3319 644 3396 commemorat,
685 3320 779 3402 quas
803 3324 851 3376 an
883 3304 996 3381 mvus
1031 3296 1143 3372 offen-
1177 3344 1180 3351 ·

20 3430 21 3491 ἶ
78 3429 166 3506 derit
189 3432 383 3531 Orpheum,
420 3429 560 3502 nuliius
592 3427 812 3524 antiquioris
845 3425 1017 3497 auctoris
1040 3419 1143 3491 testi·

20 3578 21 3625 t
78 3558 196 3628 monio
216 3564 380 3641 constat,
405 3572 474 3623 nec
494 3548 585 3622 satis
606 3551 725 3645 liquet
746 3547 885 3619 crimen
905 3544 1030 3640 ipsum
1055 3518 1143 3643 (quo¹
1235 3596 1237 3603 ,

20 3658 21 3701 A
79 3670 268 3768 Thamyris
294 3692 439 3770 quoque
471 3669 688 3766 infamatur)
723 3679 847 3740 utrum
882 3685 932 3734 ex
960 3660 1144 3733 Thracum

78 3795 235 3869 moribus
262 3795 469 3888 conjectum
495 3815 591 3890 ante
617 3790 731 3862 sacris
756 3781 1050 3878 carminibusque
1077 3766 1144 3852 Or·
1257 3868 1261 3877 ,

20 3952 21 4017 j
79 3913 190 4007 phicis
216 3914 368 3988 ductum
394 3912 552 3987 theria
592 3901 596 3909 ’

820 4144 943 4231 ro*
1067 4236 1068 4239 Ὺ
