2800 4759
280 240 353 317 loo
630 254 775 310 nuru
797 250 984 309 ιιιιιυι

277 425 541 491 canerenturve
571 417 689 514 tropis
721 427 760 488 et
789 412 975 527 allegoriis
999 409 1171 486 inmte
1194 405 1353 506 quidem

277 559 344 609 neo
376 547 500 609 tamen
532 536 588 608 ita
619 522 750 611 abdita
777 518 909 623 fluisse,
934 532 1023 630 quin
1047 553 1073 605 u
1095 528 1353 624 sagacioribus

276 657 413 761 aperiri
425 653 551 768 etad
575 638 758 728 rationem
782 654 951 731 revocari
974 652 1175 752 punierint
1205 649 1354 723 Verum

274 776 368 848 hanc
393 798 538 873 quoque
563 768 836 850 exeusationem
861 773 983 850 aufert
993 758 1364 849 sommaauuorum‘

275 895 566 1005 discrepantia,
578 899 841 991 mysteriorum
874 916 1003 969 causas
1034 893 1203 969 diversas
1236 903 1354 989 atque

275 1018 390 1110 etiam
414 1018 617 1090 contrarias
635 1017 886 1107 tradentium,
920 1017 1027 1114 quasi
1051 1000 1183 1113 aperta
1205 1012 1353 1112 proies·

274 1140 398 1227 sione,
431 1160 538 1211 suam
571 1158 754 1236 quemque
778 1140 1026 1234 conjecturam
1051 1136 1190 1210 afferre.
1222 1133 1351 1228 Augu-

273 1259 392 1330 atinus
426 1254 507 1333 Civ
541 1257 621 1333 VII.
655 1284 685 1333 o.
719 1262 783 1335 20.
815 1257 965 1331 Varro
998 1255 1053 1330 de
1084 1254 1352 1328 Eleusiniis

274 1377 398 1450 nihil
422 1374 789 1491 interpretatur,
814 1380 912 1453 nisl
944 1376 1063 1476 quod
1088 1377 1266 1449 attinet
1291 1371 1354 1446 ad

273 1482 639 1571 frumentum-
664 1482 998 1615 Proserpinam
1023 1496 1156 1571 dioit
1164 1493 1353 1591 signifi-

205 1618 213 1631 “
270 1638 376 1690 oare
407 1600 749 1695 fecunditatem
784 1622 1045 1709 seminum,
1067 1602 1183 1716 quoe
1214 1636 1352 1712 quum

275 1733 513 1812 defuisset
537 1750 773 1851 tempore,
795 1738 1013 1814 exortam
1035 1730 1153 1813 esse
1164 1737 1352 1835 opinio-

273 1862 396 1948 nem3
423 1859 546 1955 quod
571 1858 760 1935 Cereris
787 1860 944 1935 liliam
971 1844 1114 1973 Orous
1146 1841 1352 1931 abstule-

272 1977 423 2048 rit—
455 1977 588 2054 Dieit
625 1978 813 2055 deinde
835 1983 1013 2057 multa
1007 1982 1071 2053 ιιι
1089 1965 1352 2091 mysteriis

275 2098 375 2192 ejus
420 2097 591 2189 tradi,
614 2098 748 2198 quae
764 2103 859 2176 uisi
875 2099 964 2176 'ad
979 2084 1163 2196 frugum
1193 2098 1352 2172 iniven-

275 2216 452 2290 tionem
485 2218 575 2329 non
608 2224 894 2318 pertinent
886 2220 1031 2295 Haeo
1062 2219 1205 2317 qualia
1199 2216 1353 2304 fuerint

275 2335 462 2432 colligere
476 2360 676 2452 possumus
702 2367 724 2416 e
749 2341 911 2416 Diodori
932 2340 1209 2441 disputatione
1204 2335 1262 2408 V
1273 2334 1351 2410 49.

276 2452 325 2542 ἐξ
334 2458 520 2546 Ἰασίωνος
552 2463 615 2538 καὶ
626 2444 849 2565 Δήμηιρος
863 2446 1062 2541 Πιοῦτον
1072 2445 1260 2567 γιιῖσθαι
1275 2484 1353 2561 φι-

277 2575 340 2655 σὶν
365 2580 402 2654 οἱ
425 2584 557 2677 μῦθοι·
583 2583 641 2659 τὸ
654 2585 691 2661 6⁹
712 2584 877 2681 ἀληθὲς,
909 2581 994 2660 τὸν
1008 2588 1078 2658 τοῦ
1105 2580 1210 2658 σίτου
1235 2586 1353 2656 πλοῦ-

275 2725 344 2776 τον
369 2698 635 2802 δωρηθῆιαιέ
636 2733 740 2806 ντῳ
758 2710 830 2802 τῆς
851 2700 1048 2803 Ἁρμονίας
1080 2698 1203 2807 γάμω·
1257 2696 1352 2772 VN·

275 2819 377 2891 ronis
415 2823 622 2895 sententiae
661 2821 780 2898 affinis
819 2823 894 2897 mir
932 2819 1096 2935 Prodici
1123 2820 1242 2909 ratio,
1288 2819 1353 2916 qui

130 3028 139 3048 ,
276 2957 390 3033 ‘Num
415 2961 479 3030 0³2
505 2963 599 3037 quae
623 2928 846 3042 prodessent
869 2918 1065 3019 hominum
1090 2941 1192 3018 vitae
1205 2932 1353 3012 eorum·

276 3078 346 3153 que
379 3060 593 3135 inventores
626 3061 825 3140 deorum
812 3087 853 3137 ιιι
877 3084 1035 3136 numero
1059 3060 1190 3136 haberi
1214 3068 1353 3132 statue-

275 3189 334 3247 ret
360 3174 452 3271 [Cio.
478 3180 523 3254 N.
542 3180 592 3253 D.
614 3182 760 3297 ML]
769 3182 989 3259 memoriam
1015 3172 1251 3257 inventarum
1276 3176 1353 3254 fru-

277 3315 365 3388 gum
391 3300 498 3373 statis
523 3288 830 3402 solemnibusque
857 3303 1066 3377 cerimoniis
1101 3292 1353 3379 comeerssam

278 3435 360 3488 esso
383 3423 655 3514 pronunciavit
685 3424 912 3500 Themistius
939 3422 1012 3500 Or
1027 3421 1168 3500 ΧΧΙΧ.
1193 3421 1280 3496 349.
1300 3419 1353 3499 Α

278 3534 539 3640 πλησιόζωμιν
570 3542 646 3641 ἤδη
676 3554 760 3633 ταῖς
785 3552 945 3647 τελεταῖς
969 3534 1034 3620 xeo
1021 3543 1129 3641 τὴν
1154 3541 1353 3644 Προδίκου

281 3656 420 3755 σοφίαν
449 3667 528 3746 τοῖς
561 3660 683 3767 λόγοις
717 3665 1039 3771 ἐγκαταμιῒωμιν,
1071 3665 1114 3750 ὃς
1139 3660 1355 3767 ἱερουργίαν

265 3782 407 3855 *oddar
446 3778 665 3883 ἀνθρώπων
704 3786 769 3862 καὶ
806 3784 995 3885 μυστήρια
1031 3784 1097 3861 καὶ
1128 3779 1355 3887 πανηγύρεις

282 3894 346 3971 καὶ
375 3900 520 3987 τελετὰς
550 3912 630 3982 τῶν
660 3906 844 4011 γεωργίας
869 3902 1012 3991 ἐξάπτει
1036 3913 1173 3983 καλῶν.
1224 3900 1356 4000 Neque

279 4012 466 4116 discrepat
497 4019 652 4097 Maximi
685 4024 791 4119 Tyrii
818 4021 1003 4119 judicium
1037 4023 1099 4097 Or.
1133 4020 1354 4101 ΧΧΧ.,’93.
