2800 4759
430 175 778 305 annuorum.
1063 239 1140 314 215

87 420 216 508 recepta
248 405 441 498 videntur,
482 412 586 505 eujus
619 409 711 483 deae
744 406 847 483 nulla
879 419 935 481 est
966 413 1005 483 in
1038 416 1138 486 anti-

86 531 246 627 quissima
283 527 495 622 regulorum
536 530 818 605 Atheniensium
853 528 1010 603 historia
1035 552 1136 606 men-

86 653 138 722 tio.
185 638 475 724 Foederatorum
501 672 592 727 vero
618 652 768 725 urbium
794 672 899 723 saera
923 650 995 724 sihi
1019 649 1156 752 adop-k

85 782 151 842 tare
188 793 264 843 non
296 772 417 843 solum
451 772 611 845 Romani
642 771 812 846 solebant
821 773 888 867 [¹¹],
921 770 987 844 sed
1021 773 1135 847 etiam

86 891 223 988 Graeoi[
236 891 273 989 ]‚
308 892 453 990 ipsique
484 892 728 967 Athenienses
762 893 919 990 aeeeptis
951 894 991 964 in
1021 891 1135 969 Iidem
1209 976 1213 993 ἱ
1330 966 1338 974 ,

82 1012 275 1085 Eleutheris
294 1012 456 1107 Dionysi
475 1014 751 1088 Eleutherensis
773 1023 934 1086 statuam
950 1015 994 1106 in
1006 1012 1134 1088 urbem

83 1133 318 1209 traduxerunt.
384 1132 444 1207 Ab
478 1155 522 1205 eo
553 1133 641 1207 inde
673 1145 842 1231 tempore
862 1135 1133 1227 mysteriorum

80 1253 338 1327 Eleusiniorum
369 1252 473 1327 fama
506 1254 554 1327 ad
581 1265 731 1328 exteros
756 1265 960 1352 propagata
984 1264 1051 1327 est.

168 1375 361 1452 Postremo
388 1373 574 1447 adnotabo
607 1373 655 1449 ad
688 1368 789 1473 quo‘d
813 1373 983 1471 Hyginus
1009 1384 1134 1448 namet

81 1494 302 1592 Triptolemo
335 1497 376 1566 in
407 1496 540 1567 itinere
575 1491 846 1581 Carnabontem
873 1495 1052 1568 Getarum
1078 1518 1133 1566 re·

78 1639 150 1711 gem
181 1615 337 1689 insidias
362 1617 540 1689 struxisse
565 1614 715 1689 Astron
741 1613 840 1688 XIV.
867 1639 913 1689 ex
939 1614 1133 1713 Sophoclis

77 1736 299 1835 Triptolemo
325 1757 406 1808 esse
432 1734 652 1827 derivatum,
677 1734 776 1809 unde
788 1734 1025 1809 Herodianus
1050 1737 1134 1836 περὶ

77 1869 169 1936 illos.
204 1882 240 1957 p.
273 1857 308 1930 9.
341 1856 434 1930 haec
458 1857 566 1931 affert
590 1858 655 1934 καὶ
674 1860 947 1957 χαρναβῶντος
973 1858 1031 1932 ὅτι
1054 1846 1133 1932 τῶν

73 1981 114 2065 ,ὃς
134 2010 173 2084 ys
199 1982 304 2080 ἄρχει
325 1977 375 2054 τὰ
398 1988 484 2067 νῦν,
510 1976 552 2051 id
578 1989 644 2066 est,
670 1978 712 2063 ὃς
730 1984 858 2055 Γετῶν
883 1978 987 2077 ἄρχει
1011 1976 1132 2074 stef]

76 2099 249 2188 Secundo,
274 2096 376 2196 quod
388 2095 643 2207 Apollodorus
668 2098 732 2170 III.
763 2092 819 2170 15.
844 2094 881 2170 4.
907 2097 1132 2195 Eumolpum

74 2233 190 2294 narrat
215 2241 371 2318 puerum
397 2217 691 2317 inAetlriopiam
717 2217 936 2341 translatum
963 2239 1055 2306 0⁸³0,
1082 2238 1135 2290 ⁰⁸
1223 2234 1229 2237 ’
1302 2235 1349 2321 ’,

139 2462 177 2529 [Ρ]
195 2459 341 2524 Anubim,
358 2463 389 2513 ut
404 2462 468 2513 uota
483 2459 631 2513 matimonio
647 2460 822 2529 praeteream,
839 2454 872 2509 L.
888 2455 939 2511 111.
956 2473 980 2508 e.
998 2452 1040 2507 83.
1058 2453 1133 2507 Cin-

75 2533 142 2585 cius
173 2530 257 2584 deos
287 2530 493 2583 novensiles
523 2530 658 2584 numina
687 2524 877 2598 peregrina
905 2526 1065 2579 novitate
1093 2541 1133 2577 ax
1169 2574 1174 2581 .

74 2603 144 2672 ipsa
170 2600 356 2672 appellata
373 2600 583 2671 pronunciat
598 2600 740 2668 (fertura,
764 2602 794 2649 ut
809 2595 940 2666 utemllis)
956 2612 1030 2649 uam
1047 2594 1133 2647 sole-

73 2690 107 2726 re
122 2674 290 2727 Romanos
306 2672 504 2741 religiones
521 2671 652 2724 urbium
668 2669 907 2739 superatarum
925 2666 1049 2737 partIm
1066 2665 1134 2735 pri·

74 2744 174 2797 satim
190 2759 250 2813 per
265 2742 421 2796 familias
437 2758 623 2811 spargere,
648 2738 773 2811 partlm
795 2737 936 2806 publiea
953 2748 1134 2790 conseera-

74 2832 112 2872 re.
137 2814 206 2867 Illud
230 2828 365 2885 perperam
381 2813 568 2883 interpretetur
585 2811 717 2866 Amaldus
734 2808 768 2861 ‹ls
784 2808 863 2860 Deor.
880 2807 963 2861 Eros.
980 2823 1006 2877 p.
1024 2805 1068 2858 78.
1086 2822 1134 2858 au-

74 2890 488 3009 mflel'llffltiiqueffllimm
505 2874 1135 3017 cffisgnnffipppffl

73 2973 87 3008 o
262 2973 292 3006 oa
339 2971 379 3008 om
429 2972 474 3007 eos
503 2972 520 3007 a
735 2988 742 3002 .

75 3045 149 3097 quam
168 3026 235 3095 quod
252 3026 347 3078 Festus
364 3044 385 3078 s.
404 3027 482 3078 Stata
498 3030 605 3079 narrate
630 3024 755 3076 Statue
773 3019 902 3074 Matris
919 3017 1134 3071 simulacrum

71 3098 101 3150 iu
116 3101 197 3151 foro
214 3096 419 3162 colebatur3
443 3100 625 3167 postquam
641 3092 676 3146 id
694 3090 837 3145 Coelius
854 3088 996 3153 strauit,
1014 3103 1135 3155 magna

71 3186 151 3292 palrp
170 3167 291 3237 populi
308 3167 341 3221 iu
358 3184 438 3220 suos
456 3168 602 3238 quisque
619 3165 722 3218 vicos
738 3161 940 3216 retulerunt
956 3159 1035 3227 ejus
1051 3158 1134 3231 dese

72 3256 105 3292 ou
151 3255 207 3290 um.

139 3361 180 3430 [u]
196 3352 358 3413 Communem
381 3375 512 3413 sacrorum
535 3356 568 3409 da
592 3355 650 3410 ahia
673 3355 848 3408 adsumtorum
870 3368 958 3405 uuam
981 3349 1136 3404 testificatur

73 3431 239 3500 'l'uuoyrlides
256 3431 296 3484 IV
308 3430 351 3483 98.
368 3429 417 3485 τὸν
434 3431 466 3485 δὲ
482 3424 570 3503 νόμον
585 3434 641 3489 τοῖς
651 3423 777 3492 Ἕλλησιν
794 3417 872 3492 εἶναι,
891 3413 931 3477 ὧν
947 3411 1008 3507 ἂνῇ
1023 3418 1053 3474 τὸ
1066 3413 1136 3490 xpo

73 3523 112 3565 τις
128 3505 179 3566 τῆς
194 3506 243 3573 γῆς
251 3496 385 3569 -ἑκάστης,
403 3497 506 3556 τούτων
523 3500 570 3553 καὶ
586 3497 619 3551 τὰ
637 3495 696 3572 ἱερὰ
715 3496 758 3550 ἀεὶ
774 3499 935 3567 γίγνεσθαι,
959 3509 1069 3563 sponsor
1084 3494 1136 3541 θε-

72 3569 260 3646 ponendorum
279 3565 319 3632 οἷς
336 3569 371 3625 ἂν
387 3569 456 3658 πρὸς
469 3576 527 3631 τοῖς
543 3566 654 3622 εἰωθόσι
670 3568 717 3621 sul
734 3563 877 3620 δύνωνται.
890 3590 926 3603 -
947 3560 1022 3614 Tute
1039 3557 1136 3613 ὰσυν-

73 3649 236 3717 asymam
257 3648 298 3696 est
320 3642 338 3694 i.
364 3659 389 3712 q.
413 3659 441 3696 ιιι
462 3659 540 3696 unam
557 3641 688 3693 civitatem
706 3638 776 3691 coire
792 3635 868 3711 Dion.
885 3631 948 3685 Hal.
963 3632 985 3683 Ι.
1063 3630 1097 3682 of.
1114 3630 1136 3682 1.

74 3715 111 3768 60.
140 3712 177 3767 ΙΙ.
202 3713 244 3767 46.
278 3713 323 3765 Ex
347 3712 465 3783 oppidis,
497 3728 604 3783 quorum
627 3708 730 3761 incolae
752 3703 930 3775 Megalopolin
952 3699 1137 3770 transmigrare
1197 3758 1200 3771 s

74 3786 159 3841 sarsi
175 3792 235 3838 suut
250 3784 326 3855 plura
342 3790 419 3837 sacra
435 3785 526 3845 eodem
541 3780 670 3835 translata
684 3784 809 3832 memorat
825 3777 904 3830 Paua.
920 3772 995 3825 VIII.
1011 3770 1054 3826 30.

88 3870 94 3875 ⁴
143 3909 184 3979 [ἲ]
204 3908 397 3962 consuentes
414 3906 539 3977 Triopas
561 3902 767 3958 Perrhaeborum
787 3898 859 3967 regis
874 3894 955 3959 fillum
970 3894 1060 3949 Zeliae
1076 3910 1138 3977 eop-

76 3981 392 4109 (ὲῑὲἷιὶῗῑῑνίΰὲιὶιὲῗιιδοδῐιῐ
421 3977 574 4032 Eustathius
595 3992 643 4057 pn
660 3971 721 4026 448.
753 3970 794 4024 12.
825 3968 959 4022 Coroebus
982 3970 1090 4020 voratur
1111 3981 1138 4016 m
