2800 4759
333 279 337 284 !
468 192 739 247 curruca
886 215 935 270 .‘
1057 181 1130 254 tol

71 345 198 421 stodes
232 360 269 421 et
296 349 475 444 janitores
509 347 765 425 Phanodemus
799 362 926 426 auctor
958 365 1031 443 est,
1071 357 1135 452 qui

71 466 211 546 iisdem
224 469 465 546 Athenienses
490 472 530 544 in
555 475 668 545 sacris
692 472 918 571 nuptialibus
942 495 1010 570 pro
1036 472 1134 548 felici

27 619 30 622 ·
72 587 273 666 liberorum
304 592 409 689 prole
441 603 532 666 vota
563 604 848 696 nuncupareqet
877 616 1003 692 preces
1029 592 1133 670 adtu-

73 707 161 782 bere
195 710 360 788 affirmet.
417 711 461 786 Id
493 734 584 786 vcro
616 736 680 786 cur
710 714 882 803 fecerint,
916 738 961 788 ex
994 713 1135 812 Orphei

71 828 154 904 loco
188 832 372 921 clarescit,
406 843 539 907 ventos
571 854 655 906 esse
683 833 837 908 dicentis
864 836 927 933 qui
951 836 1134 908 nascenti·
1230 929 1237 940 .

71 948 144 1023 burs
176 955 319 1028 animas
351 954 554 1043 insinuent,
587 955 620 1028 si
653 954 803 1051 quidem
828 955 868 1027 hi
893 957 1043 1028 suntin
1068 976 1135 1053 po-

70 1081 206 1146 testate
233 1074 505 1170 Tritopatrum..
538 1074 588 1150 Et
613 1073 661 1147 ad
685 1075 782 1156 hanc
807 1076 1024 1150 sententiam
1049 1075 1134 1149 Phi·

71 1192 213 1268 lochori
244 1215 388 1294 quoque
421 1194 536 1274 verba
566 1198 733 1270 revocari
768 1206 942 1292 possunt,
980 1197 1134 1293 quamli-

70 1311 137 1385 bet
157 1314 316 1412 ¹obscura
341 1326 379 1387 et
403 1337 427 1387 a
453 1313 568 1388 Suida
594 1316 701 1391 aliter
726 1327 836 1414 atque
861 1315 1032 1390 aPhotio
1052 1315 1134 1394 red-
1240 1337 1254 1362 ⁸

72 1431 162 1507 clia.
222 1433 331 1525 Quod
366 1434 431 1507 ille
468 1434 573 1509 dicit:
614 1434 819 1537 Φιλόχορος
854 1438 946 1540 λέγει
981 1433 1134 1515 πάντων

68 1557 264 1657 γεγονέναι
288 1554 470 1658 πρώτους,
497 1559 550 1631 sic
576 1558 753 1652 intelligo,
778 1577 843 1630 eos
863 1558 1004 1654 primos
1019 1557 1135 1632 fouisse

69 1686 231 1771 patres
264 1689 302 1749 et
333 1679 438 1775 quasi
470 1671 778 1780 πρωιαιιοίτορας,
812 1675 870 1765 id,
903 1675 1002 1774 quod
1035 1675 1136 1775 apud

15 1867 25 1886 ‚
68 1794 246 1872 Plotium
270 1807 347 1886 est,
372 1801 559 1900 ἄρξαντας
582 1800 768 1902 γενέσεως.
811 1795 893 1870 Hos
919 1797 1030 1896 igitur
1054 1806 1136 1869 tau·

68 1936 181 2011 quam
207 1918 350 2014 primos
374 1917 572 2013 generandi
594 1930 762 1991 auctores
780 1914 1006 1993 invocabant
1024 1915 1136 1988 Athe-

67 2038 217 2109 nienses
242 2039 469 2131 generationi
495 2059 647 2136 operam
673 2037 815 2126 daturi,
853 2039 948 2110 sicut
971 2034 1087 2109 iidem
1112 2058 1137 2109 a

69 2151 187 2228 Coelo
222 2167 260 2228 et
292 2156 407 2230 Terra
438 2160 651 2256 nuptiarum
685 2158 866 2232 solemnia
896 2131 1136 2259 auspicaban-

68 2287 167 2363 tur.‚.
186 2276 254 2352 hos
280 2279 422 2375 pmmos
446 2279 487 2351 in
511 2281 790 2353 matrimonium
815 2277 930 2352 ivisse
954 2276 1137 2349 sanctissi-

69 2417 227 2495 maeque
268 2399 511 2472 consortionis
547 2401 610 2493 jus
649 2396 931 2494 exemplumque
966 2395 1137 2468 statuisse

69 2520 154 2590 rati
211 2516 391 2590 Proculus
418 2519 458 2590 in
492 2517 587 2593 Tim.
622 2517 665 2591 V.
691 2513 778 2592 295.
803 2513 958 2617 πρώτην
983 2513 1137 2617 νύμφην

73 2640 254 2716 ἀποκαλεῖ
282 2638 448 2740 ὈρφεὺςΙ
473 2639 542 2737 τὴν
573 2647 654 2738 Γῆν
683 2640 749 2716 καὶ
778 2634 989 2740 πρώτιστον
1012 2633 1137 2739 γάμον

70 2757 142 2854 τὴν
167 2760 301 2836 ἕνωσιν
326 2757 441 2855 αὐτῆς
464 2759 558 2862 πρὸς
582 2761 651 2839 τὸν
680 2756 856 2862 Οὐρανόν
882 2801 932 2814 -
957 2756 1021 2832 καὶ
1046 2758 1136 2833 ἔοικε

17 2887 19 2894 ’
72 2876 140 2954 διὰ
172 2886 293 2955 ταῦτα
325 2878 389 2955 καὶ
424 2881 586 2981 Οὐρανῷ
616 2881 680 2958 καὶ
713 2889 769 2979 Γῇ
803 2875 996 2980 προςήκειν
1020 2877 1041 2953 ὅ
1066 2873 1137 2979 γαί-

72 3020 160 3096 μος·
188 3000 214 3074 ‘3
248 3000 296 3095 δὴ
327 3000 390 3077 καὶ
422 3003 458 3077 οἱ
488 3003 626 3102 θεσμοὶ
658 3011 738 3080 τῶν
765 2997 977 3097 Ἀθηναίαν
1001 2994 1137 3082 εἰδότες

73 3115 319 3218 προςέιαττον
354 3121 516 3223 Οὐρανῷ
547 3124 611 3199 καὶ
642 3130 698 3221 Γῇ
729 3127 918 3224 προτελεῖν
948 3118 1036 3203 τοὺς
1067 3114 1137 3220 γαί-

72 3268 179 3336 μους.
233 3237 432 3334 Sequentia
464 3243 579 3317 verba
609 3244 679 3341 τὴν
711 3250 791 3340 Γῆν
823 3241 887 3319 καὶ
910 3239 978 3318 τὸν
994 3237 1136 3325 Ἥλιον,

73 3360 122 3436 ὃν
153 3358 217 3434 καὶ
243 3356 453 3439 Ἀπόλλωνα
486 3371 606 3454 καλοῖ,
639 3370 762 3467 γονεῖς
783 3364 910 3440 αὐτῶν
935 3357 1136 3456 ἠπίσταντο

74 3481 112 3556 οἱ
136 3476 219 3556 τότε
245 3482 456 3581 ἄνθρωποι,
481 3484 569 3570 τοὺς
594 3482 637 3562 δὲ
663 3488 704 3560 ἐκ
728 3482 874 3562 τούτων
898 3477 1046 3582 τρίτους
1064 3503 1136 3551 πα·
1261 3508 1263 3512 ’

73 3599 194 3699 τέρας,
219 3602 343 3673 nescio
369 3622 417 3673 an
442 3603 536 3676 hanc
560 3602 722 3677 habeant
738 3605 975 3679 sententiam:
1001 3609 1137 3669 terram

73 3718 264 3793 novellam
297 3730 335 3791 et
367 3721 413 3794 ab
447 3733 532 3796 ortu
556 3736 739 3797 recentem
765 3725 855 3797 solis
881 3713 1012 3795 ardore
1037 3729 1136 3813 tepe

72 3839 213 3914 iactam
244 3841 373 3915 vitalia
406 3846 615 3941 concepisse
641 3845 801 3933 semina,
826 3845 1023 3941 primoque
1049 3838 1138 3911 nixu

74 3957 237 4035 edidisse
270 3960 541 4063 Tritopatores,
576 3973 790 4040 cunctorum
824 3961 1039 4037 mortalium
1072 3978 1136 4053 pa-
