<?xml version="1.0" encoding="UTF-8"?>
<!DOCTYPE html PUBLIC "-//W3C//DTD XHTML 1.0 Transitional//EN"
    "http://www.w3.org/TR/xhtml1/DTD/xhtml1-transitional.dtd">
<html xmlns="http://www.w3.org/1999/xhtml" xml:lang="en" lang="en">
 <head>
  <title>
</title>
<meta http-equiv="Content-Type" content="text/html;charset=utf-8" />
  <meta name='ocr-system' content='tesseract 3.04.00' />
  <meta name='ocr-capabilities' content='ocr_page ocr_carea ocr_par ocr_line ocrx_word'/>
</head>
<body>
  <div class='ocr_page' id='page_1' title='image "aglaophamussive02lobegoog_0247.png"; bbox 0 0 2800 4759; ppageno 0'>
   <div class='ocr_carea' id='block_1_1' title="bbox 152 958 1154 1175">
    <p class='ocr_par' dir='ltr' id='par_1_1' title="bbox 30 958 1154 1175">
     <span class='ocr_line' id='line_1_1' title="bbox 152 958 1154 1175; baseline 0.003 -55.674"><span class='ocrx_word' id='word_1_1' title='bbox 152 1025 331 1122; x_wconf 81' lang='lat' dir='ltr'><strong>nnus</strong></span> <span class='ocrx_word' id='word_1_2' title='bbox 373 958 599 1122; x_wconf 75' lang='lat' dir='ltr'><strong>nunu</strong></span> <span class='ocrx_word' id='word_1_3' title='bbox 636 1026 1051 1175; x_wconf 78' lang='lat' dir='ltr'><strong>enunnnuls</strong></span> <span class='ocrx_word' id='word_1_4' title='bbox 1149 1066 1154 1077; x_wconf 89' lang='lat'><strong>·</strong></span> 
     </span>
    </p>
   </div>
   <div class='ocr_carea' id='block_1_2' title="bbox 430 1290 784 1317">
    <p class='ocr_par' dir='ltr' id='par_1_2' title="bbox 430 1290 784 1317">
     <span class='ocr_line' id='line_1_2' title="bbox 430 1290 784 1317; baseline -0.003 -9"><span class='ocrx_word' id='word_1_5' title='bbox 430 1290 784 1317; x_wconf 50' lang='grc' dir='ltr'><strong>ἫΦ--ό-Ψ-Ἳ</strong></span> 
     </span>
    </p>
   </div>
   <div class='ocr_carea' id='block_1_3' title="bbox 219 1468 936 1725">
    <p class='ocr_par' dir='ltr' id='par_1_3' title="bbox 219 1468 936 1725">
     <span class='ocr_line' id='line_1_3' title="bbox 219 1468 696 1555; baseline -0.025 0"><span class='ocrx_word' id='word_1_6' title='bbox 219 1549 222 1555; x_wconf 88' lang='grc'><em>,</em></span> <span class='ocrx_word' id='word_1_7' title='bbox 516 1468 628 1549; x_wconf 74' lang='lat' dir='ltr'><strong>cle.</strong></span> <span class='ocrx_word' id='word_1_8' title='bbox 668 1473 696 1545; x_wconf 94' lang='lat'><strong>1.</strong></span> 
     </span>
     <span class='ocr_line' id='line_1_4' title="bbox 273 1588 936 1725; baseline -0.002 -27"><span class='ocrx_word' id='word_1_9' title='bbox 273 1625 334 1698; x_wconf 70' lang='lat' dir='ltr'><strong>ne</strong></span> <span class='ocrx_word' id='word_1_10' title='bbox 364 1588 510 1725; x_wconf 51' lang='lat' dir='ltr'><strong>oete:</strong></span> <span class='ocrx_word' id='word_1_11' title='bbox 531 1626 745 1700; x_wconf 64' lang='lat' dir='ltr'><strong>arnume</strong></span> <span class='ocrx_word' id='word_1_12' title='bbox 766 1625 936 1701; x_wconf 66' lang='lat' dir='ltr'><strong>nme.</strong></span> 
     </span>
    </p>
   </div>
   <div class='ocr_carea' id='block_1_4' title="bbox 22 1782 1131 2775">
    <p class='ocr_par' dir='ltr' id='par_1_4' title="bbox 22 1782 1131 2775">
     <span class='ocr_line' id='line_1_5' title="bbox 83 1782 1130 1932; baseline -0.007 -23"><span class='ocrx_word' id='word_1_13' title='bbox 83 1782 280 1909; x_wconf 74' lang='lat' dir='ltr'><strong>ordiendi</strong></span> <span class='ocrx_word' id='word_1_14' title='bbox 304 1834 429 1932; x_wconf 71' lang='lat' dir='ltr'><strong>operis</strong></span> <span class='ocrx_word' id='word_1_15' title='bbox 452 1835 599 1911; x_wconf 79' lang='lat' dir='ltr'><strong>initium</strong></span> <span class='ocrx_word' id='word_1_16' title='bbox 624 1854 770 1909; x_wconf 78' lang='lat' dir='ltr'><strong>sumum</strong></span> <span class='ocrx_word' id='word_1_17' title='bbox 794 1853 872 1905; x_wconf 88' lang='lat' dir='ltr'><strong>non</strong></span> <span class='ocrx_word' id='word_1_18' title='bbox 895 1831 994 1903; x_wconf 91' lang='lat' dir='ltr'><strong>unde</strong></span> <span class='ocrx_word' id='word_1_19' title='bbox 1019 1831 1130 1926; x_wconf 78' lang='lat' dir='ltr'><strong>vulgo</strong></span> 
     </span>
     <span class='ocr_line' id='line_1_6' title="bbox 82 1951 1131 2053; baseline 0.001 -32"><span class='ocrx_word' id='word_1_20' title='bbox 82 1954 340 2045; x_wconf 74' lang='lat' dir='ltr'><strong>proueniantes</strong></span> <span class='ocrx_word' id='word_1_21' title='bbox 367 1955 550 2053; x_wconf 75' lang='lat' dir='ltr'><strong>auspicari</strong></span> <span class='ocrx_word' id='word_1_22' title='bbox 574 1954 712 2044; x_wconf 80' lang='lat' dir='ltr'><strong>solent,</strong></span> <span class='ocrx_word' id='word_1_23' title='bbox 737 1951 803 2029; x_wconf 88' lang='lat' dir='ltr'><strong>sed</strong></span> <span class='ocrx_word' id='word_1_24' title='bbox 829 1951 876 2043; x_wconf 69' lang='lat' dir='ltr'><strong>ab</strong></span> <span class='ocrx_word' id='word_1_25' title='bbox 898 1974 943 2025; x_wconf 88' lang='lat' dir='ltr'><strong>eo</strong></span> <span class='ocrx_word' id='word_1_26' title='bbox 958 1952 1059 2040; x_wconf 83' lang='lat' dir='ltr'><strong>loco,</strong></span> <span class='ocrx_word' id='word_1_27' title='bbox 1086 1973 1131 2023; x_wconf 87' lang='lat' dir='ltr'><strong>ex</strong></span> 
     </span>
     <span class='ocr_line' id='line_1_7' title="bbox 82 2073 1130 2174; baseline -0.001 -30"><span class='ocrx_word' id='word_1_28' title='bbox 82 2093 152 2166; x_wconf 85' lang='lat' dir='ltr'><strong>quo,</strong></span> <span class='ocrx_word' id='word_1_29' title='bbox 176 2074 283 2159; x_wconf 86' lang='lat' dir='ltr'><strong>velut</strong></span> <span class='ocrx_word' id='word_1_30' title='bbox 307 2073 431 2170; x_wconf 81' lang='lat' dir='ltr'><strong>eliqua</strong></span> <span class='ocrx_word' id='word_1_31' title='bbox 455 2094 507 2147; x_wconf 83' lang='lat' dir='ltr'><strong>ex</strong></span> <span class='ocrx_word' id='word_1_32' title='bbox 530 2075 700 2174; x_wconf 84' lang='lat' dir='ltr'><strong>specula,</strong></span> <span class='ocrx_word' id='word_1_33' title='bbox 727 2075 766 2146; x_wconf 91' lang='lat' dir='ltr'><strong>in</strong></span> <span class='ocrx_word' id='word_1_34' title='bbox 792 2084 908 2147; x_wconf 84' lang='lat' dir='ltr'><strong>totam</strong></span> <span class='ocrx_word' id='word_1_35' title='bbox 929 2074 1130 2168; x_wconf 81' lang='lat' dir='ltr'>regionem,</span> 
     </span>
     <span class='ocr_line' id='line_1_8' title="bbox 82 2191 1130 2294; baseline 0 -27"><span class='ocrx_word' id='word_1_36' title='bbox 82 2213 178 2287; x_wconf 80' lang='lat' dir='ltr'><strong>quum</strong></span> <span class='ocrx_word' id='word_1_37' title='bbox 202 2194 391 2271; x_wconf 75' lang='lat' dir='ltr'><strong>ememusi</strong></span> <span class='ocrx_word' id='word_1_38' title='bbox 422 2217 569 2285; x_wconf 84' lang='lat' dir='ltr'><strong>sumus,</strong></span> <span class='ocrx_word' id='word_1_39' title='bbox 600 2205 818 2294; x_wconf 79' lang='lat' dir='ltr'><strong>prospectus</strong></span> <span class='ocrx_word' id='word_1_40' title='bbox 850 2205 986 2293; x_wconf 83' lang='lat' dir='ltr'><strong>pateat.</strong></span> <span class='ocrx_word' id='word_1_41' title='bbox 1035 2191 1130 2269; x_wconf 83' lang='lat' dir='ltr'><strong>Num</strong></span> 
     </span>
     <span class='ocr_line' id='line_1_9' title="bbox 81 2313 1130 2414; baseline 0.001 -30"><span class='ocrx_word' id='word_1_42' title='bbox 81 2332 161 2407; x_wconf 80' lang='lat' dir='ltr'><strong>quae</strong></span> <span class='ocrx_word' id='word_1_43' title='bbox 193 2313 244 2388; x_wconf 89' lang='lat' dir='ltr'><strong>de</strong></span> <span class='ocrx_word' id='word_1_44' title='bbox 276 2314 417 2414; x_wconf 81' lang='lat' dir='ltr'><strong>Orphei</strong></span> <span class='ocrx_word' id='word_1_45' title='bbox 451 2317 591 2414; x_wconf 81' lang='lat' dir='ltr'><strong>petrin,</strong></span> <span class='ocrx_word' id='word_1_46' title='bbox 628 2339 777 2410; x_wconf 79' lang='lat' dir='ltr'><strong>genere,</strong></span> <span class='ocrx_word' id='word_1_47' title='bbox 812 2317 892 2391; x_wconf 80' lang='lat' dir='ltr'><strong>vitu</strong></span> <span class='ocrx_word' id='word_1_48' title='bbox 926 2325 1130 2402; x_wconf 80' lang='lat' dir='ltr'><strong>narrantur,</strong></span> 
     </span>
     <span class='ocr_line' id='line_1_10' title="bbox 78 2434 1131 2534; baseline 0.001 -30"><span class='ocrx_word' id='word_1_49' title='bbox 78 2453 219 2529; x_wconf 76' lang='lat' dir='ltr'><strong>paterga</strong></span> <span class='ocrx_word' id='word_1_50' title='bbox 248 2447 352 2526; x_wconf 89' lang='lat' dir='ltr'><strong>sunt,</strong></span> <span class='ocrx_word' id='word_1_51' title='bbox 388 2437 590 2534; x_wconf 72' lang='lat' dir='ltr'><strong>meliusque</strong></span> <span class='ocrx_word' id='word_1_52' title='bbox 620 2438 660 2509; x_wconf 93' lang='lat' dir='ltr'><strong>in</strong></span> <span class='ocrx_word' id='word_1_53' title='bbox 692 2437 868 2525; x_wconf 85' lang='lat' dir='ltr'><strong>transitu,</strong></span> <span class='ocrx_word' id='word_1_54' title='bbox 903 2434 1044 2530; x_wconf 86' lang='lat' dir='ltr'><strong>siquis</strong></span> <span class='ocrx_word' id='word_1_55' title='bbox 1070 2456 1131 2506; x_wconf 89' lang='lat' dir='ltr'><strong>me</strong></span> 
     </span>
     <span class='ocr_line' id='line_1_11' title="bbox 22 2544 1130 2649; baseline 0.004 -27"><span class='ocrx_word' id='word_1_56' title='bbox 22 2552 23 2561; x_wconf 70' lang='lat'><em>&#39;</em></span> <span class='ocrx_word' id='word_1_57' title='bbox 79 2550 167 2627; x_wconf 87' lang='lat' dir='ltr'><strong>loeus</strong></span> <span class='ocrx_word' id='word_1_58' title='bbox 186 2554 432 2646; x_wconf 80' lang='lat' dir='ltr'><strong>admonuerit,</strong></span> <span class='ocrx_word' id='word_1_59' title='bbox 457 2544 727 2648; x_wconf 82' lang='lat' dir='ltr'><strong>tractabuntur3</strong></span> <span class='ocrx_word' id='word_1_60' title='bbox 752 2554 892 2629; x_wconf 81' lang='lat' dir='ltr'><strong>artibus</strong></span> <span class='ocrx_word' id='word_1_61' title='bbox 909 2574 1012 2642; x_wconf 84' lang='lat' dir='ltr'><strong>vero,</strong></span> <span class='ocrx_word' id='word_1_62' title='bbox 1038 2574 1130 2649; x_wconf 82' lang='lat' dir='ltr'><strong>quos</strong></span> 
     </span>
     <span class='ocr_line' id='line_1_12' title="bbox 81 2674 1128 2775; baseline 0.002 -30"><span class='ocrx_word' id='word_1_63' title='bbox 81 2676 109 2746; x_wconf 92' lang='lat' dir='ltr'><strong>ei</strong></span> <span class='ocrx_word' id='word_1_64' title='bbox 126 2676 325 2775; x_wconf 78' lang='lat' dir='ltr'><strong>antiquitas</strong></span> <span class='ocrx_word' id='word_1_65' title='bbox 340 2674 491 2767; x_wconf 77' lang='lat' dir='ltr'><strong>affinxit,</strong></span> <span class='ocrx_word' id='word_1_66' title='bbox 516 2677 767 2774; x_wconf 79' lang='lat' dir='ltr'><strong>institutisque</strong></span> <span class='ocrx_word' id='word_1_67' title='bbox 793 2687 831 2749; x_wconf 91' lang='lat' dir='ltr'><strong>et</strong></span> <span class='ocrx_word' id='word_1_68' title='bbox 854 2674 1026 2763; x_wconf 83' lang='lat' dir='ltr'><strong>inventis,</strong></span> <span class='ocrx_word' id='word_1_69' title='bbox 1052 2675 1128 2770; x_wconf 89' lang='lat' dir='ltr'><strong>qui·</strong></span> 
     </span>
    </p>
   </div>
   <div class='ocr_carea' id='block_1_5' title="bbox 80 2792 1226 2894">
    <p class='ocr_par' dir='ltr' id='par_1_5' title="bbox 80 2792 1226 2894">
     <span class='ocr_line' id='line_1_13' title="bbox 80 2792 1226 2894; baseline 0.002 -29"><span class='ocrx_word' id='word_1_70' title='bbox 80 2792 138 2867; x_wconf 87' lang='lat' dir='ltr'><strong>bus</strong></span> <span class='ocrx_word' id='word_1_71' title='bbox 160 2797 349 2887; x_wconf 73' lang='lat' dir='ltr'><strong>inclaruit,</strong></span> <span class='ocrx_word' id='word_1_72' title='bbox 374 2797 495 2889; x_wconf 85' lang='lat' dir='ltr'><strong>solum</strong></span> <span class='ocrx_word' id='word_1_73' title='bbox 520 2798 625 2894; x_wconf 84' lang='lat' dir='ltr'><strong>quusi</strong></span> <span class='ocrx_word' id='word_1_74' title='bbox 650 2808 688 2869; x_wconf 94' lang='lat' dir='ltr'><strong>et</strong></span> <span class='ocrx_word' id='word_1_75' title='bbox 705 2796 989 2870; x_wconf 80' lang='lat' dir='ltr'><strong>fundamentum</strong></span> <span class='ocrx_word' id='word_1_76' title='bbox 1016 2795 1130 2867; x_wconf 88' lang='lat' dir='ltr'><strong>totius</strong></span> <span class='ocrx_word' id='word_1_77' title='bbox 1221 2868 1226 2875; x_wconf 68' lang='grc'>,</span> 
     </span>
    </p>
   </div>
   <div class='ocr_carea' id='block_1_6' title="bbox 79 2913 1130 4117">
    <p class='ocr_par' dir='ltr' id='par_1_6' title="bbox 79 2913 1130 3231">
     <span class='ocr_line' id='line_1_14' title="bbox 79 2913 1130 3015; baseline 0 -29"><span class='ocrx_word' id='word_1_78' title='bbox 79 2913 215 2992; x_wconf 80' lang='lat' dir='ltr'><strong>saluae</strong></span> <span class='ocrx_word' id='word_1_79' title='bbox 249 2918 466 2995; x_wconf 76' lang='lat' dir='ltr'><strong>continetur.</strong></span> <span class='ocrx_word' id='word_1_80' title='bbox 524 2917 619 2992; x_wconf 85' lang='lat' dir='ltr'><strong>Sunt</strong></span> <span class='ocrx_word' id='word_1_81' title='bbox 651 2930 793 3006; x_wconf 83' lang='lat' dir='ltr'><strong>sutem,</strong></span> <span class='ocrx_word' id='word_1_82' title='bbox 831 2939 925 3015; x_wconf 83' lang='lat' dir='ltr'><strong>quae</strong></span> <span class='ocrx_word' id='word_1_83' title='bbox 956 2927 1022 2989; x_wconf 84' lang='lat' dir='ltr'><strong>out</strong></span> <span class='ocrx_word' id='word_1_84' title='bbox 1053 2915 1130 3014; x_wconf 86' lang='lat' dir='ltr'><strong>pri-</strong></span> 
     </span>
     <span class='ocr_line' id='line_1_15' title="bbox 79 3036 1129 3137; baseline 0.001 -31"><span class='ocrx_word' id='word_1_85' title='bbox 79 3055 150 3109; x_wconf 88' lang='lat' dir='ltr'><strong>nus</strong></span> <span class='ocrx_word' id='word_1_86' title='bbox 174 3038 362 3115; x_wconf 88' lang='lat' dir='ltr'><strong>invenisse</strong></span> <span class='ocrx_word' id='word_1_87' title='bbox 386 3051 451 3112; x_wconf 84' lang='lat' dir='ltr'><strong>aut</strong></span> <span class='ocrx_word' id='word_1_88' title='bbox 475 3061 565 3137; x_wconf 83' lang='lat' dir='ltr'><strong>prae</strong></span> <span class='ocrx_word' id='word_1_89' title='bbox 599 3040 730 3112; x_wconf 81' lang='lat' dir='ltr'><strong>ceteris</strong></span> <span class='ocrx_word' id='word_1_90' title='bbox 756 3038 958 3113; x_wconf 76' lang='lat' dir='ltr'><strong>excoluisse</strong></span> <span class='ocrx_word' id='word_1_91' title='bbox 984 3036 1129 3124; x_wconf 81' lang='lat' dir='ltr'><strong>dieitur,¹</strong></span> 
     </span>
     <span class='ocr_line' id='line_1_16' title="bbox 79 3152 172 3231; baseline 0.054 -4"><span class='ocrx_word' id='word_1_92' title='bbox 79 3152 172 3231; x_wconf 82' lang='lat' dir='ltr'><strong>huee:</strong></span> 
     </span>
    </p>

    <p class='ocr_par' dir='ltr' id='par_1_7' title="bbox 79 3275 1127 3866">
     <span class='ocr_line' id='line_1_17' title="bbox 166 3275 1126 3375; baseline -0.005 -24"><span class='ocrx_word' id='word_1_93' title='bbox 166 3279 194 3351; x_wconf 93' lang='grc' dir='ltr'><strong>Ι.</strong></span> <span class='ocrx_word' id='word_1_94' title='bbox 246 3279 406 3353; x_wconf 78' lang='lat' dir='ltr'><strong>Mettum</strong></span> <span class='ocrx_word' id='word_1_95' title='bbox 431 3279 628 3363; x_wconf 74' lang='lat' dir='ltr'><strong>hesoicum.</strong></span> <span class='ocrx_word' id='word_1_96' title='bbox 679 3279 875 3375; x_wconf 81' lang='lat' dir='ltr'><strong>Longinus</strong></span> <span class='ocrx_word' id='word_1_97' title='bbox 895 3276 1038 3372; x_wconf 76' lang='lat' dir='ltr'><strong>Fregm.</strong></span> <span class='ocrx_word' id='word_1_98' title='bbox 1065 3275 1126 3347; x_wconf 91' lang='lat' dir='ltr'><strong>lll.</strong></span> 
     </span>
     <span class='ocr_line' id='line_1_18' title="bbox 80 3396 1127 3497; baseline -0.003 -25"><span class='ocrx_word' id='word_1_99' title='bbox 80 3397 123 3492; x_wconf 86' lang='lat' dir='ltr'><strong>(p.</strong></span> <span class='ocrx_word' id='word_1_100' title='bbox 149 3397 231 3472; x_wconf 82' lang='lat'>141.</span> <span class='ocrx_word' id='word_1_101' title='bbox 257 3398 524 3497; x_wconf 66' lang='lat' dir='ltr'><strong>injHephaest</strong></span> <span class='ocrx_word' id='word_1_102' title='bbox 551 3398 684 3497; x_wconf 77' lang='lat' dir='ltr'><strong>Gaisl)</strong></span> <span class='ocrx_word' id='word_1_103' title='bbox 717 3401 774 3477; x_wconf 84' lang='grc' dir='ltr'><strong>ὅτι</strong></span> <span class='ocrx_word' id='word_1_104' title='bbox 800 3397 841 3476; x_wconf 75' lang='grc' dir='ltr'><strong>δὲ</strong></span> <span class='ocrx_word' id='word_1_105' title='bbox 873 3406 983 3475; x_wconf 82' lang='grc' dir='ltr'><em>τοῦτο</em></span> <span class='ocrx_word' id='word_1_106' title='bbox 1009 3396 1127 3483; x_wconf 78' lang='grc' dir='ltr'><strong><em>οὕτως</em></strong></span> 
     </span>
     <span class='ocr_line' id='line_1_19' title="bbox 80 3516 1125 3626; baseline -0.004 -34"><span class='ocrx_word' id='word_1_107' title='bbox 80 3517 158 3612; x_wconf 72' lang='grc' dir='ltr'><strong><em>ἔχει,</em></strong></span> <span class='ocrx_word' id='word_1_108' title='bbox 183 3518 420 3626; x_wconf 71' lang='grc' dir='ltr'><em>παράδειγμα</em></span> <span class='ocrx_word' id='word_1_109' title='bbox 444 3517 658 3618; x_wconf 65' lang='grc' dir='ltr'><strong><em>τεθήσεται,</em></strong></span> <span class='ocrx_word' id='word_1_110' title='bbox 692 3522 713 3596; x_wconf 83' lang='grc' dir='ltr'>ὃ</span> <span class='ocrx_word' id='word_1_111' title='bbox 738 3516 834 3603; x_wconf 74' lang='grc' dir='ltr'><strong><em>τινὲς</em></strong></span> <span class='ocrx_word' id='word_1_112' title='bbox 859 3516 929 3616; x_wconf 77' lang='grc' dir='ltr'><strong>μὲν</strong></span> <span class='ocrx_word' id='word_1_113' title='bbox 950 3516 1125 3617; x_wconf 79' lang='grc' dir='ltr'><strong><em>Ὀρφέως,</em></strong></span> 
     </span>
     <span class='ocr_line' id='line_1_20' title="bbox 79 3633 1123 3740; baseline -0.001 -31"><span class='ocrx_word' id='word_1_114' title='bbox 79 3638 163 3724; x_wconf 74' lang='grc' dir='ltr'><strong><em>τινὲς</em></strong></span> <span class='ocrx_word' id='word_1_115' title='bbox 194 3639 237 3718; x_wconf 79' lang='grc' dir='ltr'><strong>δὲ</strong></span> <span class='ocrx_word' id='word_1_116' title='bbox 268 3651 333 3738; x_wconf 79' lang='grc' dir='ltr'><strong>τῆς</strong></span> <span class='ocrx_word' id='word_1_117' title='bbox 359 3642 515 3727; x_wconf 78' lang='grc' dir='ltr'><strong><em>Πυθίας</em></strong></span> <span class='ocrx_word' id='word_1_118' title='bbox 546 3636 903 3740; x_wconf 76' lang='grc' dir='ltr'><em>παραλαμβάνουσι’</em></span> <span class='ocrx_word' id='word_1_119' title='bbox 944 3633 1123 3736; x_wconf 74' lang='grc' dir='ltr'><em>περὶγὰρ</em></span> 
     </span>
     <span class='ocr_line' id='line_1_21' title="bbox 80 3761 641 3866; baseline 0.002 -31"><span class='ocrx_word' id='word_1_120' title='bbox 80 3766 147 3836; x_wconf 78' lang='grc' dir='ltr'><strong>τῶν</strong></span> <span class='ocrx_word' id='word_1_121' title='bbox 170 3764 268 3838; x_wconf 78' lang='grc' dir='ltr'><strong><em>ἐπῶν</em></strong></span> <span class='ocrx_word' id='word_1_122' title='bbox 294 3764 411 3866; x_wconf 72' lang='grc' dir='ltr'><em>λέγων</em></span> <span class='ocrx_word' id='word_1_123' title='bbox 435 3762 458 3859; x_wconf 83' lang='grc' dir='ltr'>ἢ</span> <span class='ocrx_word' id='word_1_124' title='bbox 486 3761 641 3864; x_wconf 74' lang='grc' dir='ltr'><strong><em>λέγουσα</em></strong></span> 
     </span>
    </p>

    <p class='ocr_par' dir='ltr' id='par_1_8' title="bbox 81 3886 1122 4117">
     <span class='ocr_line' id='line_1_22' title="bbox 147 3886 923 3982; baseline -0.004 -23"><span class='ocrx_word' id='word_1_125' title='bbox 147 3892 276 3981; x_wconf 72' lang='grc' dir='ltr'><strong><em>’Ὀρθων</em></strong></span> <span class='ocrx_word' id='word_1_126' title='bbox 297 3893 438 3982; x_wconf 76' lang='grc' dir='ltr'><em>ἓξαμερές</em></span> <span class='ocrx_word' id='word_1_127' title='bbox 458 3892 591 3981; x_wconf 77' lang='grc' dir='ltr'><strong>’τετᾶρων</strong></span> <span class='ocrx_word' id='word_1_128' title='bbox 610 3896 660 3961; x_wconf 81' lang='grc' dir='ltr'><strong>καὶ</strong></span> <span class='ocrx_word' id='word_1_129' title='bbox 683 3886 776 3958; x_wconf 62' lang='lat' dir='ltr'><strong>etim</strong></span> <span class='ocrx_word' id='word_1_130' title='bbox 795 3892 923 3980; x_wconf 76' lang='grc' dir='ltr'><em>μέτρων.</em></span> 
     </span>
     <span class='ocr_line' id='line_1_23' title="bbox 81 4013 1122 4117; baseline -0.005 -31"><span class='ocrx_word' id='word_1_131' title='bbox 81 4033 179 4107; x_wconf 81' lang='lat' dir='ltr'><strong>quens</strong></span> <span class='ocrx_word' id='word_1_132' title='bbox 197 4034 351 4094; x_wconf 75' lang='lat' dir='ltr'><strong>&#39;versum</strong></span> <span class='ocrx_word' id='word_1_133' title='bbox 378 4019 440 4117; x_wconf 91' lang='lat' dir='ltr'><strong>qui</strong></span> <span class='ocrx_word' id='word_1_134' title='bbox 465 4017 619 4112; x_wconf 83' lang='lat' dir='ltr'><strong>Pythiae</strong></span> <span class='ocrx_word' id='word_1_135' title='bbox 646 4013 866 4101; x_wconf 86' lang='lat' dir='ltr'><strong>tribuerunt,</strong></span> <span class='ocrx_word' id='word_1_136' title='bbox 893 4034 1122 4088; x_wconf 81' lang='lat' dir='ltr'><strong>communem</strong></span> 
     </span>
    </p>
   </div>
   <div class='ocr_carea' id='block_1_7' title="bbox 0 0 1407 4759">
    <p class='ocr_par' dir='ltr' id='par_1_9' title="bbox 0 0 1407 4759">
     <span class='ocr_line' id='line_1_24' title="bbox 0 0 1407 4759; baseline 0 0"><span class='ocrx_word' id='word_1_137' title='bbox 0 0 1407 4759; x_wconf 95' lang='lat' dir='ltr'><strong> </strong></span> 
     </span>
    </p>
   </div>
  </div>
 </body>
</html>
