2800 4759
282 186 357 262 ³92
491 181 515 266 J
594 210 737 265 mnan
761 212 1016 268 strennuos.

283 382 497 456 expressum
523 374 646 460 putat3
677 363 775 462 quod
800 366 900 441 idem
926 368 1123 468 aliquarrdo
1149 370 1339 447 Hemster-

283 477 430 553 husiurn
452 480 637 576 judicasse
661 487 808 559 nuntiat
822 486 1007 572 Arnaldus
1024 490 1072 565 de
1085 492 1171 565 Diis
1195 494 1340 591 paredr.

284 622 313 669 o.
329 596 468 674 XXIII.
498 599 727 701 lto-Atque
751 606 809 679 his
834 611 987 683 summis
1012 612 1105 686 viris
1122 611 1232 687 facile
1256 614 1341 688 sub·

283 716 496 808 scriberem,
530 723 602 795 nisi
628 726 867 817 gravissimae
898 732 1059 805 rationes
1084 731 1125 807 id
1149 732 1251 831 quod
1277 757 1343 832 per

68 925 69 934 ἵ
153 832 155 835 ’
282 856 322 906 se
347 838 428 910 veri
453 841 573 915 simile
597 851 672 932 est,
697 844 833 919 falsum
858 871 938 921 esse
961 853 1236 954 convincerent3
1269 858 1343 954 pri-

280 976 383 1030 mum
409 958 626 1050 verborum,
652 964 785 1060 quibus
810 966 941 1061 hymni
967 975 1126 1047 contexti
1147 987 1253 1065 sunt,
1279 998 1343 1049 no-

226 1115 230 1122 <
280 1075 391 1164 vitas,
418 1076 551 1153 deinde
572 1084 862 1179 epicae'dialee'ti
875 1090 1058 1184 neglectus
1073 1106 1279 1194 perpetuus
1287 1097 1342 1195 [⁶],

281 1193 381 1289 quod
415 1199 548 1271 viuum
580 1207 731 1276 vereor'
751 1226 798 1277 ne
838 1210 1183 1307 reprehendendum»
1214 1218 1342 1314 potius

279 1309 392 1384 fuerit
416 1337 527 1411 quam
553 1322 827 1416 corrigendum,
852 1340 1041 1426 postremo
1067 1330 1175 1423 baec,
1201 1335 1251 1407 de
1270 1358 1343 1433 qua

279 1428 393 1502 modo
418 1431 515 1530 dixi,
548 1440 759 1533 ignobilitas
785 1445 965 1523 boruncce
999 1453 1213 1528 carminunu
1267 1455 1342 1530 Sed

153 1543 156 1548 ⁴
279 1546 328 1619 ad
362 1553 539 1627 orationis
572 1569 610 1630 et
635 1559 782 1637 dialecti
807 1568 1135 1644 conformationem
1160 1572 1264 1670 quod
1288 1587 1341 1649 at-

219 1729 221 1734 ,
278 1668 389 1759 tinet,
422 1693 482 1745 res
505 1673 672 1771 longiore
698 1671 949 1780 disputatione
974 1703 1073 1786 eget,
1108 1715 1218 1789 quam
1246 1718 1341 1794 quae

277 1784 347 1859 hoc
379 1789 461 1863 loco
495 1795 668 1891 explitari
698 1806 828 1899 possit.
880 1807 1046 1882 Tertium
1079 1823 1202 1887 autern
1235 1838 1341 1911 argu·

278 1918 444 1981 mentum
468 1912 509 1983 in
534 1916 697 2010 qualibet
722 1923 795 1996 alia
821 1948 931 2001 causa
961 1930 1081 2005 levius
1106 1931 1229 2007 videri
1253 1958 1336 2032 pos·

147 2065 152 2080 ·
277 2037 352 2115 sot,
375 2030 416 2100 in
440 2027 509 2103 hac
533 2040 791 2126 gravissimum
817 2057 882 2119 ost.
934 2047 1038 2138 (luae
1061 2052 1162 2126 enirn
1187 2076 1265 2128 non
1284 2054 1338 2129 di·

278 2165 359 2216 carn
380 2146 484 2248 justa
509 2150 576 2223 sed
609 2169 706 2230 certe
738 2162 939 2241 tolerabilis
970 2171 1066 2243 ratio
1091 2173 1178 2268 fingi
1203 2187 1338 2276 poten,

277 2285 340 2335 cru
371 2273 490 2363 neque
522 2270 756 2374 philosophi,
789 2300 906 2382 neque
938 2294 1185 2384 grammatici,
1220 2318 1338 2395 neque

275 2382 527 2480 Mytbologiac
565 2409 812 2492 enarratores,
852 2427 972 2502 neque
1005 2410 1071 2484 alii
1108 2418 1337 2512 antiquitatis

275 2503 494 2601 interpretes
519 2509 584 2595 ibis
617 2536 779 2614 unquam
811 2526 869 2596 usi
900 2525 975 2599 sint
1004 2535 1206 2626 poematis,
1245 2559 1337 2633 quac

276 2621 401 2696 verbis
425 2627 585 2704 insolitis
617 2644 656 2706 et
685 2643 1022 2739 sesquipedalibus,
1053 2655 1249 2727 sententiis
1276 2653 1337 2729 de

116 2793 121 2801 .
225 2816 227 2820 ,
276 2745 459 2834 cumanis,
483 2745 619 2829 fabulis
644 2757 843 2835 reconditis
866 2765 1083 2862 plenissima
1107 2784 1194 2846 sunt
1219 2788 1259 2847 et
1282 2800 1337 2849 re

261 2857 493 2953 fortissima,
529 2880 584 2959 et,
619 2874 722 2969 quod
743 2900 931 2957 summum
957 2902 1030 2978 est,
1065 2894 1101 2963 ei
1125 2892 1337 2969 adscribun-

276 2989 336 3050 tur
368 2986 508 3056 auctori
541 2990 603 3083 qui
637 3013 764 3069 ornnes
798 3009 877 3075 tum
909 3008 1125 3105 antiquimte
1159 3023 1239 3087 tum
1280 3039 1336 3089 sa-

155 3159 158 3164 ,
205 3169 208 3176 ,
236 3121 242 3126 ·
274 3098 415 3192 pientia
440 3106 579 3178 anteire
605 3108 788 3187 credituri
815 3119 998 3199 Gesnerus
1018 3128 1166 3224 quidem
1191 3134 1230 3206 in
1248 3134 1335 3208 Pro

265 3214 365 3310 legg.
390 3240 427 3314 p.
452 3220 606 3323 XXVII.
642 3228 820 3346 Ilymnos
844 3251 882 3312 ot
907 3254 1037 3337 cetera,
1064 3272 1158 3346 quoe
1183 3251 1335 3344 restam,

275 3356 349 3408 una
389 3335 601 3418 defensione
639 3353 878 3448 complexus,
930 3363 1163 3443 obscuritatis
1203 3394 1334 3446 eorum

274 3453 369 3528 banc
392 3458 498 3572 affert
521 3469 823 3547 exeusationem:
854 3483 979 3556 ratio
1013 3500 1083 3560 est
1107 3491 1333 3588 inprom÷

275 3581 339 3661 tu,
376 3599 453 3649 cur
484 3567 631 3658 multa
656 3590 841 3686 quidem
872 3596 1089 3682 debuerit
1122 3632 1223 3684 esso
1247 3611 1331 3708 lir-

273 3690 380 3785 pbei
430 3698 552 3794 apud
600 3715 819 3803 posteros
871 3727 1067 3815 mentio,
1125 3732 1331 3805 carmina

343 3892 382 3961 [θ]
408 3895 448 3950 De
471 3899 520 3954 boe
542 3904 609 3959 dixit
631 3909 756 3967 Lehrsius
779 3917 806 3971 in
829 3919 952 3976 Seebodli
977 3927 1071 3980 Archiv
1097 3930 1141 3983 lirr
1164 3932 1258 3987 Pbilol.
1276 3934 1328 3987 und

230 3991 234 3996 -
274 3958 392 4016 Pauli.
409 3964 436 4034 Ξ.
455 3968 515 4024 288.
532 3990 592 4028 arm.
612 3978 687 4034 1825.
1125 4018 1127 4023 ·
