2800 4759
295 288 298 294 ⁴
402 216 746 283 nunusl'uls,
1058 216 1107 296 31

67 388 199 460 lasere
223 385 570 481 magnasurbes
594 388 798 483 ingressi
817 387 1034 479 solemus,
1058 400 1109 464 ut

67 509 240 606 primum
279 527 438 581 sacras
477 508 616 582 sedes
657 519 702 582 et
734 506 903 583 dicata
923 511 1108 590 numini

68 633 217 701 summo
242 626 444 702 delubra
469 632 694 719 visamus,
720 640 816 702 tum
840 629 945 704 fors
969 644 1108 729 atque
1245 673 1248 678 ·

70 750 281 842 gymnasia
312 760 357 822 et
389 749 662 824 ambulacra
693 752 921 824 miremur.
980 750 1108 849 anue

69 872 141 942 rato
168 869 283 944 fluisse
316 869 484 962 videtur,
510 895 574 946 our
598 882 898 968 mystagogorsm
922 889 1109 948 umens

69 1011 225 1064 auorum
252 992 561 1068 monstratoribus
586 992 846 1067 transferretur
871 990 920 1065 ad
943 993 1107 1090 periere
1196 1053 1205 1074 .

67 1120 110 1185 tss
128 1112 306 1208 vulgares,
330 1113 557 1211 verbumque
581 1120 844 1217 μυσταγωγεῖν
869 1109 1005 1185 eodem
1027 1131 1108 1188 mo-

68 1230 105 1303 do
122 1244 159 1304 ut
180 1237 347 1338 §ovoysi'r
372 1257 433 1331 sp.
456 1234 607 1310 Luoian
634 1229 843 1334 Contempl.
868 1231 900 1332 ξ.
929 1231 962 1305 l„
986 1255 1025 1330 p.
1046 1232 1107 1307 30.

68 1350 98 1422 Τ.
130 1352 159 1425 3.
195 1352 241 1426 de
282 1356 332 1427 iis
370 1352 570 1446 diremtum,
603 1376 762 1453 qnorum
793 1353 906 1429 duotu
938 1352 1108 1430 advenas

69 1472 213 1572 quidquid
236 1477 280 1548 in
306 1473 399 1547 urire
414 1489 479 1549 aut
496 1486 683 1552 vetustate
699 1476 873 1549 inditum·
885 1486 951 1548 aut
965 1476 1107 1570 magni·

69 1594 183 1668 umas
209 1595 466 1696 smpeetabile
496 1610 612 1688 esset,
643 1594 850 1671 lustrabat
882 1605 921 1668 et
952 1596 1106 1670 eircum-

71 1714 306 1816 splelelantffl.

146 1834 233 1926 Quid
266 1859 320 1909 ex
353 1838 412 1910 his
446 1838 633 1936 sequiturl
658 1837 762 1927 Hor,
788 1836 938 1935 opinor3
963 1835 1106 1907 unirui-

71 1975 121 2048 que
140 1956 414 2032 Atheniensium
439 1958 598 2049 licuisse,
623 1981 737 2058 qumn
765 1954 908 2030 Cereris
932 1952 1104 2028 Liberae

72 2076 356 2169 manufestus
383 2090 568 2174 ageretur,
600 2101 677 2153 non
704 2079 827 2152 solum
851 2079 977 2174 ipsum
1002 2074 1106 2152 aslire

31 2227 32 2232 ¹
71 2198 210 2295 templum
242 2199 315 2274 sed
339 2201 452 2273 etiam
479 2200 646 2298 hospites
671 2222 759 2273 suos
784 2196 1018 2272 introdueere
1041 2198 1105 2270 iis·

71 2333 120 2410 que
139 2322 330 2416 speetaouli
355 2319 489 2420 cupide
514 2322 669 2418 expetiti
694 2321 841 2419 eopiem
864 2318 996 2394 faeere.

507 2556 556 2675 s?
591 2574 626 2651 ⁵-
684 2551 687 2562 '

31 2829 32 2868 5
146 2777 233 2856 Haeo
274 2784 503 2879 supergressi
542 2782 590 2855 de
627 2781 893 2874 mysteriorum
931 2775 1106 2873 gradihus

72 2916 143 2989 quae
168 2903 361 3002 afferuntur
386 2904 601 3005 testimonia
633 2902 872 2975 excutiamus.
906 2898 1104 2994 Tertullia-

72 3021 182 3094 nusin
220 3022 377 3097 exordio
411 3022 633 3098 dicacissimi
665 3021 845 3098 adversus
878 3020 1105 3094 Valentinia-

72 3153 119 3209 uos
144 3138 249 3218 libelli
282 3144 352 3218 hos
386 3154 425 3215 et
457 3154 598 3218 eeteros
623 3163 843 3217 arcanorum
869 3140 1104 3216 simulatores

71 3254 137 3330 nihil
163 3265 259 3339 aliud
286 3264 386 3364 quod
413 3266 531 3338 celent
556 3264 693 3338 habere
719 3262 827 3353 dicit,
853 3264 926 3335 nisi
951 3262 1022 3334 hoo
1046 3263 1104 3359 ip-

70 3386 278 3477 sumnihi15
312 3387 352 3458 in
385 3408 459 3484 quo
484 3396 604 3459 totam
631 3394 799 3458 constare
824 3384 1005 3479 mysticae
1029 3380 1105 3453 dis-

70 3496 191 3592 ciplinae
215 3508 448 3605 sapientiam.
500 3506 849 3598 Valentiniani,
874 3504 1015 3599 inquit,
1039 3501 1103 3572 ni-

31 3695 32 3700 ,
69 3612 278 3722 hilmegis
312 3639 495 3717 rurant,
537 3639 668 3725 quam
711 3625 950 3698 occultare
983 3618 1104 3719 quod
1195 3613 1231 3628 ‘'

68 3743 331 3837 praedicarim
364 3748 397 3819 si
429 3760 580 3825 tamen
613 3744 909 3847 praedicant,
934 3743 1010 3841 qui
1036 3762 1104 3813 oo·
1213 3733 1215 3740 ’

69 3860 222 3939 cultant
251 3864 510 3941 Custodiae
536 3864 754 3939 officium
780 3864 1103 3939 eonscientiae
1196 3865 1197 3870 ’

31 3915 34 4066 ι
74 4049 76 4056 ,
113 4010 150 4082 ll]
166 4016 208 4071 sic
225 4018 339 4090 Alciphr.
356 4020 407 4074 ΙΠ.
425 4020 476 4091 Ep.
494 4018 537 4074 81.
555 4018 599 4070 ubi
617 4016 684 4070 male
701 4015 847 4070 initiare
864 4015 992 4070 redditur.
