<?xml version="1.0" encoding="UTF-8"?>
<!DOCTYPE html PUBLIC "-//W3C//DTD XHTML 1.0 Transitional//EN"
    "http://www.w3.org/TR/xhtml1/DTD/xhtml1-transitional.dtd">
<html xmlns="http://www.w3.org/1999/xhtml" xml:lang="en" lang="en">
 <head>
  <title>
</title>
<meta http-equiv="Content-Type" content="text/html;charset=utf-8" />
  <meta name='ocr-system' content='tesseract 3.04.00' />
  <meta name='ocr-capabilities' content='ocr_page ocr_carea ocr_par ocr_line ocrx_word'/>
</head>
<body>
  <div class='ocr_page' id='page_1' title='image "aglaophamussive02lobegoog_0300.png"; bbox 0 0 2800 4759; ppageno 0'>
   <div class='ocr_carea' id='block_1_1' title="bbox 282 203 1026 279">
    <p class='ocr_par' dir='ltr' id='par_1_1' title="bbox 282 203 1026 279">
     <span class='ocr_line' id='line_1_1' title="bbox 282 203 1026 279; baseline 0.001 -9"><span class='ocrx_word' id='word_1_1' title='bbox 282 203 360 279; x_wconf 84' lang='lat'>288</span> <span class='ocrx_word' id='word_1_2' title='bbox 599 217 744 272; x_wconf 78' lang='lat' dir='ltr'>urnun</span> <span class='ocrx_word' id='word_1_3' title='bbox 767 217 1026 274; x_wconf 78' lang='lat' dir='ltr'>sncuuous.</span> 
     </span>
    </p>
   </div>
   <div class='ocr_carea' id='block_1_2' title="bbox 277 375 1346 1320">
    <p class='ocr_par' dir='ltr' id='par_1_2' title="bbox 277 375 1346 1320">
     <span class='ocr_line' id='line_1_2' title="bbox 282 375 1345 483; baseline -0.002 -30"><span class='ocrx_word' id='word_1_4' title='bbox 282 390 339 483; x_wconf 83' lang='lat' dir='ltr'>est</span> <span class='ocrx_word' id='word_1_5' title='bbox 364 375 486 452; x_wconf 78' lang='lat' dir='ltr'>dicere</span> <span class='ocrx_word' id='word_1_6' title='bbox 516 379 591 450; x_wconf 74' lang='lat' dir='ltr'>nee</span> <span class='ocrx_word' id='word_1_7' title='bbox 615 377 811 475; x_wconf 87' lang='lat' dir='ltr'>proposito</span> <span class='ocrx_word' id='word_1_8' title='bbox 836 380 1095 451; x_wconf 87' lang='lat' dir='ltr'>necessarium.</span> <span class='ocrx_word' id='word_1_9' title='bbox 1146 377 1226 453; x_wconf 91' lang='lat' dir='ltr'>Nos</span> <span class='ocrx_word' id='word_1_10' title='bbox 1253 381 1345 451; x_wconf 89' lang='lat' dir='ltr'>enim</span> 
     </span>
     <span class='ocr_line' id='line_1_3' title="bbox 279 497 1346 596; baseline -0.003 -22"><span class='ocrx_word' id='word_1_11' title='bbox 279 500 525 574; x_wconf 81' lang='lat' dir='ltr'>fanaticorum</span> <span class='ocrx_word' id='word_1_12' title='bbox 550 497 772 592; x_wconf 78' lang='lat' dir='ltr'>religionum</span> <span class='ocrx_word' id='word_1_13' title='bbox 804 499 960 592; x_wconf 82' lang='lat' dir='ltr'>vestigia</span> <span class='ocrx_word' id='word_1_14' title='bbox 993 501 1224 595; x_wconf 81' lang='lat' dir='ltr'>quaerimus3</span> <span class='ocrx_word' id='word_1_15' title='bbox 1259 522 1346 596; x_wconf 90' lang='lat' dir='ltr'>quae</span> 
     </span>
     <span class='ocr_line' id='line_1_4' title="bbox 281 616 1345 720; baseline 0 -26"><span class='ocrx_word' id='word_1_16' title='bbox 281 620 457 720; x_wconf 87' lang='lat' dir='ltr'>quoniam</span> <span class='ocrx_word' id='word_1_17' title='bbox 488 621 530 691; x_wconf 92' lang='lat' dir='ltr'>in</span> <span class='ocrx_word' id='word_1_18' title='bbox 563 640 638 691; x_wconf 91' lang='lat' dir='ltr'>uno</span> <span class='ocrx_word' id='word_1_19' title='bbox 668 617 773 707; x_wconf 91' lang='lat' dir='ltr'>loeo,</span> <span class='ocrx_word' id='word_1_20' title='bbox 809 640 919 716; x_wconf 91' lang='lat' dir='ltr'>quem</span> <span class='ocrx_word' id='word_1_21' title='bbox 944 617 1059 692; x_wconf 89' lang='lat' dir='ltr'>modo</span> <span class='ocrx_word' id='word_1_22' title='bbox 1089 616 1345 708; x_wconf 88' lang='lat' dir='ltr'>indicavimus,</span> 
     </span>
     <span class='ocr_line' id='line_1_5' title="bbox 279 738 1345 838; baseline 0.003 -30"><span class='ocrx_word' id='word_1_23' title='bbox 279 757 455 833; x_wconf 87' lang='lat' dir='ltr'>expressa</span> <span class='ocrx_word' id='word_1_24' title='bbox 486 752 574 811; x_wconf 87' lang='lat' dir='ltr'>sunt</span> <span class='ocrx_word' id='word_1_25' title='bbox 605 751 643 812; x_wconf 89' lang='lat' dir='ltr'>et</span> <span class='ocrx_word' id='word_1_26' title='bbox 668 750 879 836; x_wconf 81' lang='lat' dir='ltr'>apparent,</span> <span class='ocrx_word' id='word_1_27' title='bbox 918 738 967 811; x_wconf 91' lang='lat' dir='ltr'>de</span> <span class='ocrx_word' id='word_1_28' title='bbox 992 759 1043 813; x_wconf 89' lang='lat' dir='ltr'>eo</span> <span class='ocrx_word' id='word_1_29' title='bbox 1077 742 1201 837; x_wconf 92' lang='lat' dir='ltr'>primo</span> <span class='ocrx_word' id='word_1_30' title='bbox 1226 740 1345 838; x_wconf 90' lang='lat' dir='ltr'>loque-</span> 
     </span>
     <span class='ocr_line' id='line_1_6' title="bbox 279 857 1345 972; baseline 0.006 -42"><span class='ocrx_word' id='word_1_31' title='bbox 279 881 375 972; x_wconf 91' lang='lat' dir='ltr'>mur.</span> <span class='ocrx_word' id='word_1_32' title='bbox 426 858 514 931; x_wconf 85' lang='lat' dir='ltr'>Illas</span> <span class='ocrx_word' id='word_1_33' title='bbox 546 861 658 954; x_wconf 85' lang='lat' dir='ltr'>igitur</span> <span class='ocrx_word' id='word_1_34' title='bbox 682 863 924 961; x_wconf 66' lang='grc' dir='ltr'><em>μαινομένοιο</em></span> <span class='ocrx_word' id='word_1_35' title='bbox 951 857 1161 938; x_wconf 69' lang='grc' dir='ltr'><em>Διωνύσοιο</em></span> <span class='ocrx_word' id='word_1_36' title='bbox 1192 858 1345 958; x_wconf 79' lang='grc' dir='ltr'><em>τιθήνας</em></span> 
     </span>
     <span class='ocr_line' id='line_1_7' title="bbox 277 976 1344 1079; baseline 0.001 -27"><span class='ocrx_word' id='word_1_37' title='bbox 277 1002 353 1052; x_wconf 88' lang='lat' dir='ltr'>non</span> <span class='ocrx_word' id='word_1_38' title='bbox 378 980 556 1053; x_wconf 76' lang='lat' dir='ltr'>mortales</span> <span class='ocrx_word' id='word_1_39' title='bbox 583 1003 664 1054; x_wconf 87' lang='lat' dir='ltr'>esse</span> <span class='ocrx_word' id='word_1_40' title='bbox 689 980 847 1054; x_wconf 89' lang='lat' dir='ltr'>feminas</span> <span class='ocrx_word' id='word_1_41' title='bbox 874 976 942 1051; x_wconf 90' lang='lat' dir='ltr'>scd</span> <span class='ocrx_word' id='word_1_42' title='bbox 967 1002 989 1050; x_wconf 87' lang='lat' dir='ltr'>e</span> <span class='ocrx_word' id='word_1_43' title='bbox 1015 982 1268 1079; x_wconf 78' lang='lat' dir='ltr'><strong>nympharum</strong></span> <span class='ocrx_word' id='word_1_44' title='bbox 1290 1005 1344 1076; x_wconf 82' lang='lat' dir='ltr'>ge·</span> 
     </span>
     <span class='ocr_line' id='line_1_8' title="bbox 277 1097 1344 1199; baseline 0.002 -27"><span class='ocrx_word' id='word_1_45' title='bbox 277 1122 366 1172; x_wconf 90' lang='lat' dir='ltr'>nere</span> <span class='ocrx_word' id='word_1_46' title='bbox 392 1100 595 1198; x_wconf 79' lang='lat' dir='ltr'>Sophocles</span> <span class='ocrx_word' id='word_1_47' title='bbox 632 1099 724 1174; x_wconf 71' lang='lat' dir='ltr'>oso„</span> <span class='ocrx_word' id='word_1_48' title='bbox 752 1097 830 1174; x_wconf 88' lang='lat' dir='ltr'>Col.</span> <span class='ocrx_word' id='word_1_49' title='bbox 857 1099 945 1173; x_wconf 79' lang='lat'><strong>680.</strong></span> <span class='ocrx_word' id='word_1_50' title='bbox 977 1111 1019 1176; x_wconf 76' lang='lat' dir='ltr'>,et</span> <span class='ocrx_word' id='word_1_51' title='bbox 1049 1100 1219 1199; x_wconf 80' lang='lat' dir='ltr'>plerique</span> <span class='ocrx_word' id='word_1_52' title='bbox 1249 1111 1344 1177; x_wconf 78' lang='lat' dir='ltr'>vete</span> 
     </span>
     <span class='ocr_line' id='line_1_9' title="bbox 277 1219 1345 1320; baseline 0.007 -27"><span class='ocrx_word' id='word_1_53' title='bbox 277 1245 363 1294; x_wconf 89' lang='lat' dir='ltr'>rum</span> <span class='ocrx_word' id='word_1_54' title='bbox 404 1231 678 1316; x_wconf 83' lang='lat' dir='ltr'>consenserunt.</span> <span class='ocrx_word' id='word_1_55' title='bbox 711 1219 815 1294; x_wconf 83' lang='lat' dir='ltr'>Hoc</span> <span class='ocrx_word' id='word_1_56' title='bbox 853 1230 978 1294; x_wconf 85' lang='lat' dir='ltr'>autem</span> <span class='ocrx_word' id='word_1_57' title='bbox 1016 1242 1213 1312; x_wconf 88' lang='lat' dir='ltr'>concesso,</span> <span class='ocrx_word' id='word_1_58' title='bbox 1250 1221 1345 1320; x_wconf 85' lang='lat' dir='ltr'>quod</span> 
     </span>
    </p>
   </div>
   <div class='ocr_carea' id='block_1_3' title="bbox 137 1341 1344 1446">
    <p class='ocr_par' dir='ltr' id='par_1_3' title="bbox 137 1341 1344 1446">
     <span class='ocr_line' id='line_1_10' title="bbox 137 1341 1344 1446; baseline 0.004 -36"><span class='ocrx_word' id='word_1_59' title='bbox 137 1395 140 1410; x_wconf 92' lang='lat'>.</span> <span class='ocrx_word' id='word_1_60' title='bbox 258 1344 401 1414; x_wconf 86' lang='lat' dir='ltr'>nescio</span> <span class='ocrx_word' id='word_1_61' title='bbox 434 1365 484 1415; x_wconf 90' lang='lat' dir='ltr'>an</span> <span class='ocrx_word' id='word_1_62' title='bbox 516 1341 625 1414; x_wconf 89' lang='lat' dir='ltr'>aliter</span> <span class='ocrx_word' id='word_1_63' title='bbox 657 1343 774 1414; x_wconf 82' lang='lat' dir='ltr'>statui</span> <span class='ocrx_word' id='word_1_64' title='bbox 806 1362 882 1446; x_wconf 86' lang='lat' dir='ltr'>non</span> <span class='ocrx_word' id='word_1_65' title='bbox 908 1343 1047 1439; x_wconf 87' lang='lat' dir='ltr'>possit,</span> <span class='ocrx_word' id='word_1_66' title='bbox 1080 1342 1161 1435; x_wconf 88' lang='lat' dir='ltr'>jam</span> <span class='ocrx_word' id='word_1_67' title='bbox 1192 1342 1344 1417; x_wconf 87' lang='lat' dir='ltr'>illudio</span> 
     </span>
    </p>
   </div>
   <div class='ocr_carea' id='block_1_4' title="bbox 182 1452 1379 3503">
    <p class='ocr_par' dir='ltr' id='par_1_4' title="bbox 182 1452 1379 3503">
     <span class='ocr_line' id='line_1_11' title="bbox 277 1452 1343 1560; baseline 0.002 -25"><span class='ocrx_word' id='word_1_68' title='bbox 277 1464 551 1552; x_wconf 81' lang='lat' dir='ltr'>contentionem</span> <span class='ocrx_word' id='word_1_69' title='bbox 577 1462 700 1551; x_wconf 87' lang='lat' dir='ltr'>venit,</span> <span class='ocrx_word' id='word_1_70' title='bbox 726 1472 852 1535; x_wconf 90' lang='lat' dir='ltr'>utrum</span> <span class='ocrx_word' id='word_1_71' title='bbox 867 1452 871 1461; x_wconf 82' lang='grc'>’</span> <span class='ocrx_word' id='word_1_72' title='bbox 878 1472 992 1560; x_wconf 92' lang='lat' dir='ltr'>poeta</span> <span class='ocrx_word' id='word_1_73' title='bbox 1003 1460 1212 1536; x_wconf 84' lang='lat' dir='ltr'>Bacchanal</span> <span class='ocrx_word' id='word_1_74' title='bbox 1234 1461 1343 1560; x_wconf 89' lang='lat' dir='ltr'>qood·</span> 
     </span>
     <span class='ocr_line' id='line_1_12' title="bbox 277 1580 1341 1670; baseline 0.002 -15"><span class='ocrx_word' id='word_1_75' title='bbox 277 1582 366 1656; x_wconf 84' lang='lat' dir='ltr'>dam</span> <span class='ocrx_word' id='word_1_76' title='bbox 393 1595 478 1656; x_wconf 85' lang='lat' dir='ltr'>ante</span> <span class='ocrx_word' id='word_1_77' title='bbox 506 1582 634 1656; x_wconf 87' lang='lat' dir='ltr'>oculos</span> <span class='ocrx_word' id='word_1_78' title='bbox 659 1580 850 1670; x_wconf 85' lang='lat' dir='ltr'>habuerit,</span> <span class='ocrx_word' id='word_1_79' title='bbox 877 1604 926 1655; x_wconf 89' lang='lat' dir='ltr'>an</span> <span class='ocrx_word' id='word_1_80' title='bbox 951 1593 994 1656; x_wconf 90' lang='lat' dir='ltr'>ut</span> <span class='ocrx_word' id='word_1_81' title='bbox 1017 1581 1164 1656; x_wconf 86' lang='lat' dir='ltr'>Dianae</span> <span class='ocrx_word' id='word_1_82' title='bbox 1191 1582 1260 1657; x_wconf 84' lang='lat' dir='ltr'>od.</span> <span class='ocrx_word' id='word_1_83' title='bbox 1285 1583 1341 1657; x_wconf 83' lang='lat' dir='ltr'>Vl</span> 
     </span>
     <span class='ocr_line' id='line_1_13' title="bbox 188 1702 1341 1802; baseline -0.003 -25"><span class='ocrx_word' id='word_1_84' title='bbox 188 1751 193 1760; x_wconf 84' lang='lat'><em>·</em></span> <span class='ocrx_word' id='word_1_85' title='bbox 279 1704 362 1778; x_wconf 86' lang='lat'>101.</span> <span class='ocrx_word' id='word_1_86' title='bbox 388 1706 444 1777; x_wconf 92' lang='lat' dir='ltr'>ita</span> <span class='ocrx_word' id='word_1_87' title='bbox 466 1702 630 1796; x_wconf 81' lang='lat' dir='ltr'>Dionysi</span> <span class='ocrx_word' id='word_1_88' title='bbox 655 1704 908 1791; x_wconf 87' lang='lat' dir='ltr'>comitatum„</span> <span class='ocrx_word' id='word_1_89' title='bbox 925 1702 1046 1800; x_wconf 79' lang='lat' dir='ltr'>qualis</span> <span class='ocrx_word' id='word_1_90' title='bbox 1071 1724 1189 1802; x_wconf 90' lang='lat' dir='ltr'>puero</span> <span class='ocrx_word' id='word_1_91' title='bbox 1215 1725 1341 1779; x_wconf 86' lang='lat' dir='ltr'>conve-</span> 
     </span>
     <span class='ocr_line' id='line_1_14' title="bbox 274 1822 1340 1920; baseline -0.004 -22"><span class='ocrx_word' id='word_1_92' title='bbox 274 1828 349 1916; x_wconf 79' lang='lat' dir='ltr'>nit&#39;,</span> <span class='ocrx_word' id='word_1_93' title='bbox 376 1826 492 1898; x_wconf 88' lang='lat' dir='ltr'>animi</span> <span class='ocrx_word' id='word_1_94' title='bbox 515 1825 669 1897; x_wconf 82' lang='lat' dir='ltr'>notione</span> <span class='ocrx_word' id='word_1_95' title='bbox 690 1824 968 1912; x_wconf 83' lang='lat' dir='ltr'>informaverit,</span> <span class='ocrx_word' id='word_1_96' title='bbox 994 1822 1340 1920; x_wconf 80' lang='lat' dir='ltr'>similitudinemque</span> 
     </span>
     <span class='ocr_line' id='line_1_15' title="bbox 275 1940 1339 2031; baseline -0.005 -12"><span class='ocrx_word' id='word_1_97' title='bbox 275 1946 322 2019; x_wconf 83' lang='lat' dir='ltr'>ab</span> <span class='ocrx_word' id='word_1_98' title='bbox 365 1947 612 2031; x_wconf 86' lang='lat' dir='ltr'>humanarum</span> <span class='ocrx_word' id='word_1_99' title='bbox 648 1947 836 2020; x_wconf 85' lang='lat' dir='ltr'>nutritum</span> <span class='ocrx_word' id='word_1_100' title='bbox 874 1945 1017 2020; x_wconf 83' lang='lat' dir='ltr'>lusibus</span> <span class='ocrx_word' id='word_1_101' title='bbox 1052 1944 1260 2020; x_wconf 79' lang='lat' dir='ltr'>traduxerit</span> <span class='ocrx_word' id='word_1_102' title='bbox 1294 1940 1339 2014; x_wconf 81' lang='lat' dir='ltr'>nd</span> 
     </span>
     <span class='ocr_line' id='line_1_16' title="bbox 275 2063 1338 2163; baseline -0.001 -26"><span class='ocrx_word' id='word_1_103' title='bbox 275 2064 376 2138; x_wconf 85' lang='lat' dir='ltr'>deos.</span> <span class='ocrx_word' id='word_1_104' title='bbox 434 2065 513 2139; x_wconf 81' lang='lat' dir='ltr'>Sed</span> <span class='ocrx_word' id='word_1_105' title='bbox 533 2068 578 2138; x_wconf 81' lang='lat' dir='ltr'>si</span> <span class='ocrx_word' id='word_1_106' title='bbox 610 2067 774 2140; x_wconf 83' lang='lat' dir='ltr'>maxime</span> <span class='ocrx_word' id='word_1_107' title='bbox 806 2066 1022 2162; x_wconf 79' lang='lat' dir='ltr'>largiamur,</span> <span class='ocrx_word' id='word_1_108' title='bbox 1067 2064 1170 2163; x_wconf 89' lang='lat' dir='ltr'>quod</span> <span class='ocrx_word' id='word_1_109' title='bbox 1204 2063 1338 2160; x_wconf 86' lang='lat' dir='ltr'>adjecta</span> 
     </span>
     <span class='ocr_line' id='line_1_17' title="bbox 274 2185 1379 2285; baseline -0.005 -28"><span class='ocrx_word' id='word_1_110' title='bbox 274 2185 348 2258; x_wconf 84' lang='lat' dir='ltr'>loei</span> <span class='ocrx_word' id='word_1_111' title='bbox 372 2197 463 2261; x_wconf 85' lang='lat' dir='ltr'>nota</span> <span class='ocrx_word' id='word_1_112' title='bbox 488 2186 649 2285; x_wconf 74' lang='lat' dir='ltr'>probare</span> <span class='ocrx_word' id='word_1_113' title='bbox 675 2186 843 2276; x_wconf 86' lang='lat' dir='ltr'>videtur,</span> <span class='ocrx_word' id='word_1_114' title='bbox 880 2188 986 2262; x_wconf 86' lang='lat' dir='ltr'>illam</span> <span class='ocrx_word' id='word_1_115' title='bbox 1011 2185 1140 2260; x_wconf 85' lang='lat' dir='ltr'>Liberi</span> <span class='ocrx_word' id='word_1_116' title='bbox 1172 2199 1211 2259; x_wconf 87' lang='lat' dir='ltr'>et</span> <span class='ocrx_word' id='word_1_117' title='bbox 1236 2185 1340 2284; x_wconf 71' lang='lat' dir='ltr'>collo</span> <span class='ocrx_word' id='word_1_118' title='bbox 1378 2249 1379 2252; x_wconf 74' lang='grc'>,</span> 
     </span>
     <span class='ocr_line' id='line_1_18' title="bbox 191 2289 1379 2410; baseline -0.003 -32"><span class='ocrx_word' id='word_1_119' title='bbox 191 2303 194 2310; x_wconf 86' lang='grc'>’</span> <span class='ocrx_word' id='word_1_120' title='bbox 275 2305 444 2381; x_wconf 83' lang='lat' dir='ltr'>dentium</span> <span class='ocrx_word' id='word_1_121' title='bbox 473 2308 725 2406; x_wconf 83' lang='lat' dir='ltr'>nympharum</span> <span class='ocrx_word' id='word_1_122' title='bbox 759 2310 937 2405; x_wconf 87' lang='lat' dir='ltr'>speciem.</span> <span class='ocrx_word' id='word_1_123' title='bbox 962 2329 1041 2382; x_wconf 88' lang='lat' dir='ltr'>non</span> <span class='ocrx_word' id='word_1_124' title='bbox 1071 2306 1201 2410; x_wconf 81' lang='lat' dir='ltr'>libem</span> <span class='ocrx_word' id='word_1_125' title='bbox 1231 2303 1338 2382; x_wconf 88' lang='lat' dir='ltr'>animi</span> <span class='ocrx_word' id='word_1_126' title='bbox 1378 2289 1379 2338; x_wconf 61' lang='lat'>³</span> 
     </span>
     <span class='ocr_line' id='line_1_19' title="bbox 259 2421 1341 2528; baseline -0.004 -27"><span class='ocrx_word' id='word_1_127' title='bbox 259 2421 380 2501; x_wconf 56' lang='lat' dir='ltr'>‘motu</span> <span class='ocrx_word' id='word_1_128' title='bbox 418 2441 645 2525; x_wconf 83' lang='lat' dir='ltr'>conceptam.</span> <span class='ocrx_word' id='word_1_129' title='bbox 672 2429 759 2503; x_wconf 88' lang='lat' dir='ltr'>sed.</span> <span class='ocrx_word' id='word_1_130' title='bbox 776 2428 827 2502; x_wconf 91' lang='lat' dir='ltr'>ad</span> <span class='ocrx_word' id='word_1_131' title='bbox 858 2442 1015 2502; x_wconf 89' lang='lat' dir='ltr'>naturae</span> <span class='ocrx_word' id='word_1_132' title='bbox 1043 2430 1245 2512; x_wconf 67' lang='lat' dir='ltr'>⁴veritatem</span> <span class='ocrx_word' id='word_1_133' title='bbox 1278 2446 1341 2528; x_wconf 71' lang='lat' dir='ltr'>en·v</span> 
     </span>
     <span class='ocr_line' id='line_1_20' title="bbox 275 2551 1338 2650; baseline 0 -30"><span class='ocrx_word' id='word_1_134' title='bbox 275 2553 442 2645; x_wconf 77' lang='lat' dir='ltr'>pressam</span> <span class='ocrx_word' id='word_1_135' title='bbox 469 2557 568 2639; x_wconf 86' lang='lat' dir='ltr'>esse,</span> <span class='ocrx_word' id='word_1_136' title='bbox 594 2562 720 2648; x_wconf 87' lang='lat' dir='ltr'>tamen</span> <span class='ocrx_word' id='word_1_137' title='bbox 734 2572 811 2623; x_wconf 91' lang='lat' dir='ltr'>non</span> <span class='ocrx_word' id='word_1_138' title='bbox 824 2551 910 2650; x_wconf 86' lang='lat' dir='ltr'>plus</span> <span class='ocrx_word' id='word_1_139' title='bbox 926 2572 1210 2648; x_wconf 85' lang='lat' dir='ltr'>consequemur,</span> <span class='ocrx_word' id='word_1_140' title='bbox 1236 2569 1338 2645; x_wconf 89' lang='lat' dir='ltr'>qoam</span> 
     </span>
     <span class='ocr_line' id='line_1_21' title="bbox 273 2661 1378 2769; baseline 0.005 -30"><span class='ocrx_word' id='word_1_141' title='bbox 273 2680 317 2740; x_wconf 92' lang='lat' dir='ltr'>ut</span> <span class='ocrx_word' id='word_1_142' title='bbox 341 2669 481 2744; x_wconf 83' lang='lat' dir='ltr'>lamam</span> <span class='ocrx_word' id='word_1_143' title='bbox 506 2669 696 2769; x_wconf 88' lang='lat' dir='ltr'>quandam</span> <span class='ocrx_word' id='word_1_144' title='bbox 709 2671 983 2748; x_wconf 72' lang='lat' dir='ltr'>=Baoehicarum</span> <span class='ocrx_word' id='word_1_145' title='bbox 1018 2661 1298 2746; x_wconf 87' lang='lat' dir='ltr'>cerimoniarum</span> <span class='ocrx_word' id='word_1_146' title='bbox 1320 2689 1338 2737; x_wconf 91' lang='lat' dir='ltr'>e</span> <span class='ocrx_word' id='word_1_147' title='bbox 1377 2735 1378 2744; x_wconf 17' lang='grc' dir='ltr'><em>ο</em></span> 
     </span>
     <span class='ocr_line' id='line_1_22' title="bbox 275 2784 1336 2889; baseline 0 -28"><span class='ocrx_word' id='word_1_148' title='bbox 275 2784 444 2863; x_wconf 74' lang='lat' dir='ltr'>Thracia</span> <span class='ocrx_word' id='word_1_149' title='bbox 458 2793 834 2866; x_wconf 67' lang='lat' dir='ltr'>ortam„Graecorum</span> <span class='ocrx_word' id='word_1_150' title='bbox 860 2815 968 2867; x_wconf 85' lang='lat' dir='ltr'>eures</span> <span class='ocrx_word' id='word_1_151' title='bbox 999 2795 1211 2889; x_wconf 88' lang='lat' dir='ltr'>pervasisse</span> <span class='ocrx_word' id='word_1_152' title='bbox 1240 2786 1336 2864; x_wconf 89' lang='lat' dir='ltr'>intel·</span> 
     </span>
     <span class='ocr_line' id='line_1_23' title="bbox 193 2910 1336 3012; baseline -0.001 -30"><span class='ocrx_word' id='word_1_153' title='bbox 193 2983 199 2994; x_wconf 66' lang='grc'>,</span> <span class='ocrx_word' id='word_1_154' title='bbox 274 2910 443 3006; x_wconf 78' lang='lat' dir='ltr'>ligamus.</span> <span class='ocrx_word' id='word_1_155' title='bbox 494 2913 587 2986; x_wconf 88' lang='lat' dir='ltr'>Rem</span> <span class='ocrx_word' id='word_1_156' title='bbox 624 2917 725 3010; x_wconf 89' lang='lat' dir='ltr'>enim</span> <span class='ocrx_word' id='word_1_157' title='bbox 760 2911 862 3012; x_wconf 94' lang='lat' dir='ltr'>apud</span> <span class='ocrx_word' id='word_1_158' title='bbox 895 2913 1056 2988; x_wconf 78' lang='lat' dir='ltr'>&#39;l’luaoes</span> <span class='ocrx_word' id='word_1_159' title='bbox 1088 2924 1230 3007; x_wconf 82' lang='lat' dir='ltr'>gestam</span> <span class='ocrx_word' id='word_1_160' title='bbox 1265 2930 1336 2984; x_wconf 84' lang='lat' dir='ltr'>esse</span> 
     </span>
     <span class='ocr_line' id='line_1_24' title="bbox 275 3019 1377 3132; baseline 0 -29"><span class='ocrx_word' id='word_1_161' title='bbox 275 3031 493 3128; x_wconf 79' lang='lat' dir='ltr'>etLycurgi</span> <span class='ocrx_word' id='word_1_162' title='bbox 507 3056 645 3107; x_wconf 89' lang='lat' dir='ltr'>nomen</span> <span class='ocrx_word' id='word_1_163' title='bbox 671 3032 851 3132; x_wconf 84' lang='lat' dir='ltr'>declarat,</span> <span class='ocrx_word' id='word_1_164' title='bbox 878 3043 988 3130; x_wconf 85' lang='lat' dir='ltr'>quem</span> <span class='ocrx_word' id='word_1_165' title='bbox 1015 3034 1248 3108; x_wconf 83' lang='lat' dir='ltr'>consentiens</span> <span class='ocrx_word' id='word_1_166' title='bbox 1268 3019 1346 3104; x_wconf 62' lang='lat' dir='ltr'>foe*</span> <span class='ocrx_word' id='word_1_167' title='bbox 1376 3113 1377 3122; x_wconf 8' lang='grc' dir='ltr'>ἵ</span> 
     </span>
     <span class='ocr_line' id='line_1_25' title="bbox 274 3154 1336 3254; baseline -0.002 -30"><span class='ocrx_word' id='word_1_168' title='bbox 274 3154 507 3251; x_wconf 86' lang='lat' dir='ltr'>antiquitatis</span> <span class='ocrx_word' id='word_1_169' title='bbox 533 3177 609 3230; x_wconf 84' lang='lat' dir='ltr'>vox</span> <span class='ocrx_word' id='word_1_170' title='bbox 633 3154 777 3229; x_wconf 86' lang='lat' dir='ltr'>Boreae</span> <span class='ocrx_word' id='word_1_171' title='bbox 802 3156 1022 3254; x_wconf 84' lang='lat' dir='ltr'>popularem</span> <span class='ocrx_word' id='word_1_172' title='bbox 1048 3155 1158 3243; x_wconf 81' lang='lat' dir='ltr'>facit,</span> <span class='ocrx_word' id='word_1_173' title='bbox 1198 3164 1237 3225; x_wconf 86' lang='lat' dir='ltr'>et</span> <span class='ocrx_word' id='word_1_174' title='bbox 1262 3172 1336 3226; x_wconf 90' lang='lat' dir='ltr'>con·</span> 
     </span>
     <span class='ocr_line' id='line_1_26' title="bbox 273 3271 1336 3371; baseline -0.002 -26"><span class='ocrx_word' id='word_1_175' title='bbox 273 3275 422 3347; x_wconf 84' lang='lat' dir='ltr'>firmant</span> <span class='ocrx_word' id='word_1_176' title='bbox 446 3275 795 3350; x_wconf 84' lang='lat' dir='ltr'>eliaBacdriearum</span> <span class='ocrx_word' id='word_1_177' title='bbox 820 3276 1041 3371; x_wconf 77' lang='lat' dir='ltr'>religionum</span> <span class='ocrx_word' id='word_1_178' title='bbox 1066 3272 1238 3369; x_wconf 76' lang='lat' dir='ltr'>vestigia,</span> <span class='ocrx_word' id='word_1_179' title='bbox 1261 3271 1336 3346; x_wconf 83' lang='lat' dir='ltr'>huie</span> 
     </span>
     <span class='ocr_line' id='line_1_27' title="bbox 182 3390 1335 3503; baseline -0.003 -37"><span class='ocrx_word' id='word_1_180' title='bbox 182 3497 185 3503; x_wconf 16' lang='grc'>1</span> <span class='ocrx_word' id='word_1_181' title='bbox 273 3404 394 3467; x_wconf 86' lang='lat' dir='ltr'>terree</span> <span class='ocrx_word' id='word_1_182' title='bbox 418 3397 620 3492; x_wconf 84' lang='lat' dir='ltr'>impressa,</span> <span class='ocrx_word' id='word_1_183' title='bbox 646 3419 742 3493; x_wconf 91' lang='lat' dir='ltr'>quae</span> <span class='ocrx_word' id='word_1_184' title='bbox 768 3401 944 3495; x_wconf 80' lang='lat' dir='ltr'>quonimn</span> <span class='ocrx_word' id='word_1_185' title='bbox 960 3409 1026 3469; x_wconf 84' lang='lat' dir='ltr'>ne&#39;</span> <span class='ocrx_word' id='word_1_186' title='bbox 1040 3390 1335 3493; x_wconf 75' lang='lat' dir='ltr'>postremusqu-</span> 
     </span>
    </p>
   </div>
   <div class='ocr_carea' id='block_1_5' title="bbox 271 3544 1333 4139">
    <p class='ocr_par' dir='ltr' id='par_1_5' title="bbox 271 3544 1333 4139">
     <span class='ocr_line' id='line_1_28' title="bbox 271 3544 1333 3617; baseline -0.006 -19"><span class='ocrx_word' id='word_1_187' title='bbox 271 3562 368 3616; x_wconf 84' lang='lat' dir='ltr'>poenas</span> <span class='ocrx_word' id='word_1_188' title='bbox 386 3547 489 3601; x_wconf 87' lang='lat' dir='ltr'>dedisse</span> <span class='ocrx_word' id='word_1_189' title='bbox 505 3564 631 3617; x_wconf 75' lang='lat' dir='ltr'>nusquam</span> <span class='ocrx_word' id='word_1_190' title='bbox 648 3548 759 3616; x_wconf 81' lang='lat' dir='ltr'>legitur,</span> <span class='ocrx_word' id='word_1_191' title='bbox 778 3553 882 3601; x_wconf 79' lang='lat' dir='ltr'>constet</span> <span class='ocrx_word' id='word_1_192' title='bbox 898 3564 962 3600; x_wconf 85' lang='lat' dir='ltr'>vero</span> <span class='ocrx_word' id='word_1_193' title='bbox 977 3545 1081 3611; x_wconf 48' lang='lat' dir='ltr'>¹dedisse</span> <span class='ocrx_word' id='word_1_194' title='bbox 1101 3544 1256 3613; x_wconf 80' lang='lat' dir='ltr'>Apollinem,</span> <span class='ocrx_word' id='word_1_195' title='bbox 1280 3549 1333 3594; x_wconf 89' lang='lat' dir='ltr'>tunc</span> 
     </span>
     <span class='ocr_line' id='line_1_29' title="bbox 273 3611 1333 3687; baseline -0.006 -17"><span class='ocrx_word' id='word_1_196' title='bbox 273 3633 350 3685; x_wconf 88' lang='lat' dir='ltr'>quum</span> <span class='ocrx_word' id='word_1_197' title='bbox 367 3618 538 3673; x_wconf 80' lang='lat' dir='ltr'>Leomedonti</span> <span class='ocrx_word' id='word_1_198' title='bbox 556 3636 613 3671; x_wconf 90' lang='lat' dir='ltr'>sese</span> <span class='ocrx_word' id='word_1_199' title='bbox 631 3619 780 3687; x_wconf 86' lang='lat' dir='ltr'>addiceret,</span> <span class='ocrx_word' id='word_1_200' title='bbox 798 3626 877 3673; x_wconf 80' lang='lat' dir='ltr'>exuto</span> <span class='ocrx_word' id='word_1_201' title='bbox 895 3618 997 3687; x_wconf 88' lang='lat' dir='ltr'>quidem</span> <span class='ocrx_word' id='word_1_202' title='bbox 1015 3617 1166 3680; x_wconf 78' lang='lat' dir='ltr'>divinitate,</span> <span class='ocrx_word' id='word_1_203' title='bbox 1183 3622 1215 3667; x_wconf 92' lang='lat' dir='ltr'>nt</span> <span class='ocrx_word' id='word_1_204' title='bbox 1231 3611 1333 3666; x_wconf 80' lang='lat' dir='ltr'>ostendit</span> 
     </span>
     <span class='ocr_line' id='line_1_30' title="bbox 271 3685 1333 3758; baseline -0.004 -21"><span class='ocrx_word' id='word_1_205' title='bbox 271 3689 343 3755; x_wconf 82' lang='lat' dir='ltr'>regie</span> <span class='ocrx_word' id='word_1_206' title='bbox 360 3690 520 3742; x_wconf 84' lang='lat' dir='ltr'>fraudulenti</span> <span class='ocrx_word' id='word_1_207' title='bbox 537 3689 583 3741; x_wconf 88' lang='lat' dir='ltr'>sed</span> <span class='ocrx_word' id='word_1_208' title='bbox 600 3690 694 3750; x_wconf 86' lang='lat' dir='ltr'>nullius</span> <span class='ocrx_word' id='word_1_209' title='bbox 712 3691 739 3743; x_wconf 91' lang='lat' dir='ltr'>in</span> <span class='ocrx_word' id='word_1_210' title='bbox 756 3690 820 3742; x_wconf 88' lang='lat' dir='ltr'>deos</span> <span class='ocrx_word' id='word_1_211' title='bbox 836 3691 950 3758; x_wconf 84' lang='lat' dir='ltr'>injuriae</span> <span class='ocrx_word' id='word_1_212' title='bbox 968 3688 1094 3756; x_wconf 87' lang='lat' dir='ltr'>comperti</span> <span class='ocrx_word' id='word_1_213' title='bbox 1109 3687 1202 3739; x_wconf 83' lang='lat' dir='ltr'>oratio.</span> <span class='ocrx_word' id='word_1_214' title='bbox 1220 3685 1333 3737; x_wconf 83' lang='lat' dir='ltr'>Praeter·</span> 
     </span>
     <span class='ocr_line' id='line_1_31' title="bbox 272 3757 1332 3831; baseline -0.005 -23"><span class='ocrx_word' id='word_1_215' title='bbox 272 3773 305 3809; x_wconf 86' lang='lat' dir='ltr'>eu</span> <span class='ocrx_word' id='word_1_216' title='bbox 329 3759 394 3812; x_wconf 78' lang='lat' dir='ltr'>hoec</span> <span class='ocrx_word' id='word_1_217' title='bbox 418 3760 496 3814; x_wconf 82' lang='lat' dir='ltr'>lectio</span> <span class='ocrx_word' id='word_1_218' title='bbox 514 3761 601 3831; x_wconf 83' lang='lat' dir='ltr'>optior</span> <span class='ocrx_word' id='word_1_219' title='bbox 617 3761 828 3831; x_wconf 79' lang='lat' dir='ltr'>interpretationi</span> <span class='ocrx_word' id='word_1_220' title='bbox 845 3758 1042 3830; x_wconf 73' lang='lat' dir='ltr'>physiologicae</span> <span class='ocrx_word' id='word_1_221' title='bbox 1058 3757 1091 3810; x_wconf 89' lang='lat' dir='ltr'>de</span> <span class='ocrx_word' id='word_1_222' title='bbox 1108 3757 1285 3810; x_wconf 83' lang='lat' dir='ltr'>elementorum</span> <span class='ocrx_word' id='word_1_223' title='bbox 1297 3761 1332 3805; x_wconf 90' lang='lat' dir='ltr'>tu·</span> 
     </span>
     <span class='ocr_line' id='line_1_32' title="bbox 273 3822 1331 3907; baseline 0.002 -29"><span class='ocrx_word' id='word_1_224' title='bbox 273 3827 363 3893; x_wconf 87' lang='lat' dir='ltr'>multu,</span> <span class='ocrx_word' id='word_1_225' title='bbox 381 3848 458 3899; x_wconf 82' lang='lat' dir='ltr'>quem</span> <span class='ocrx_word' id='word_1_226' title='bbox 476 3833 606 3886; x_wconf 85' lang='lat' dir='ltr'>Cornutus</span> <span class='ocrx_word' id='word_1_227' title='bbox 624 3833 721 3902; x_wconf 75' lang='lat' dir='ltr'>probet</span> <span class='ocrx_word' id='word_1_228' title='bbox 738 3833 824 3885; x_wconf 85' lang='lat' dir='ltr'><strong>XVII.</strong></span> <span class='ocrx_word' id='word_1_229' title='bbox 845 3832 903 3883; x_wconf 71' lang='lat'>172.</span> <span class='ocrx_word' id='word_1_230' title='bbox 921 3832 968 3883; x_wconf 88' lang='lat' dir='ltr'>ubi</span> <span class='ocrx_word' id='word_1_231' title='bbox 985 3829 1052 3882; x_wconf 80' lang='lat' dir='ltr'>mele</span> <span class='ocrx_word' id='word_1_232' title='bbox 1069 3828 1178 3896; x_wconf 82' lang='lat' dir='ltr'>vulgata</span> <span class='ocrx_word' id='word_1_233' title='bbox 1195 3822 1331 3907; x_wconf 62' lang='lat' dir='ltr'>snbrepsllt</span> 
     </span>
     <span class='ocr_line' id='line_1_33' title="bbox 272 3898 1330 3969; baseline -0.001 -20"><span class='ocrx_word' id='word_1_234' title='bbox 272 3914 332 3950; x_wconf 80' lang='lat' dir='ltr'>num</span> <span class='ocrx_word' id='word_1_235' title='bbox 349 3898 391 3950; x_wconf 87' lang='lat' dir='ltr'>hic</span> <span class='ocrx_word' id='word_1_236' title='bbox 408 3902 508 3966; x_wconf 79' lang='lat' dir='ltr'>ignem,</span> <span class='ocrx_word' id='word_1_237' title='bbox 526 3920 577 3954; x_wconf 90' lang='lat' dir='ltr'>non</span> <span class='ocrx_word' id='word_1_238' title='bbox 595 3911 625 3955; x_wconf 89' lang='lat' dir='ltr'>ut</span> <span class='ocrx_word' id='word_1_239' title='bbox 643 3902 732 3955; x_wconf 85' lang='lat' dir='ltr'>Schol.</span> <span class='ocrx_word' id='word_1_240' title='bbox 750 3903 815 3955; x_wconf 90' lang='lat' dir='ltr'>Ven.</span> <span class='ocrx_word' id='word_1_241' title='bbox 833 3902 908 3954; x_wconf 76' lang='lat' dir='ltr'>iovis</span> <span class='ocrx_word' id='word_1_242' title='bbox 924 3900 971 3952; x_wconf 87' lang='lat' dir='ltr'>sed</span> <span class='ocrx_word' id='word_1_243' title='bbox 988 3898 1116 3969; x_wconf 76' lang='lat' dir='ltr'>Apollinis</span> <span class='ocrx_word' id='word_1_244' title='bbox 1143 3900 1243 3952; x_wconf 85' lang='lat' dir='ltr'>nomine</span> <span class='ocrx_word' id='word_1_245' title='bbox 1260 3908 1330 3960; x_wconf 71' lang='lat' dir='ltr'>ngu-</span> 
     </span>
     <span class='ocr_line' id='line_1_34' title="bbox 272 3962 1330 4040; baseline 0.009 -20"><span class='ocrx_word' id='word_1_246' title='bbox 272 3968 347 4021; x_wconf 87' lang='lat' dir='ltr'>ficari</span> <span class='ocrx_word' id='word_1_247' title='bbox 364 3971 463 4021; x_wconf 83' lang='lat' dir='ltr'>statuit.</span> <span class='ocrx_word' id='word_1_248' title='bbox 482 3971 527 4039; x_wconf 91' lang='lat' dir='ltr'>(ln</span> <span class='ocrx_word' id='word_1_249' title='bbox 544 3972 721 4040; x_wconf 80' lang='lat' dir='ltr'>Euphorionis</span> <span class='ocrx_word' id='word_1_250' title='bbox 738 3972 858 4024; x_wconf 87' lang='lat' dir='ltr'>versibus</span> <span class='ocrx_word' id='word_1_251' title='bbox 875 3971 981 4038; x_wconf 81' lang='lat' dir='ltr'>Fregm.</span> <span class='ocrx_word' id='word_1_252' title='bbox 999 3988 1024 4038; x_wconf 90' lang='lat' dir='ltr'>p.</span> <span class='ocrx_word' id='word_1_253' title='bbox 1045 3968 1103 4021; x_wconf 76' lang='lat'>131.</span> <span class='ocrx_word' id='word_1_254' title='bbox 1128 3968 1178 4023; x_wconf 81' lang='grc' dir='ltr'>οὐκ</span> <span class='ocrx_word' id='word_1_255' title='bbox 1195 3962 1330 4036; x_wconf 58' lang='lat' dir='ltr'>estodium</span> 
     </span>
     <span class='ocr_line' id='line_1_35' title="bbox 273 4035 1146 4139; baseline 0 -46"><span class='ocrx_word' id='word_1_256' title='bbox 273 4038 341 4111; x_wconf 79' lang='grc' dir='ltr'><strong><em>πρὸς</em></strong></span> <span class='ocrx_word' id='word_1_257' title='bbox 360 4035 499 4111; x_wconf 73' lang='grc' dir='ltr'>κρήδεμνα</span> <span class='ocrx_word' id='word_1_258' title='bbox 517 4041 646 4111; x_wconf 62' lang='lat' dir='ltr'>deportes</span> <span class='ocrx_word' id='word_1_259' title='bbox 661 4042 825 4139; x_wconf 59' lang='lat' dir='ltr'>peribenduu</span> <span class='ocrx_word' id='word_1_260' title='bbox 844 4040 894 4095; x_wconf 81' lang='grc' dir='ltr'>οὐκ</span> <span class='ocrx_word' id='word_1_261' title='bbox 912 4040 1021 4108; x_wconf 70' lang='grc' dir='ltr'><em>ἀβοηθϊ</em></span> <span class='ocrx_word' id='word_1_262' title='bbox 1029 4035 1146 4106; x_wconf 74' lang='grc' dir='ltr'>πόλιος).</span> 
     </span>
    </p>
   </div>
   <div class='ocr_carea' id='block_1_6' title="bbox 0 0 1404 4759">
    <p class='ocr_par' dir='ltr' id='par_1_6' title="bbox 0 0 1404 4759">
     <span class='ocr_line' id='line_1_36' title="bbox 0 0 1404 4759; baseline 0 2"><span class='ocrx_word' id='word_1_263' title='bbox 0 0 1404 4759; x_wconf 95' lang='lat' dir='ltr'> </span> 
     </span>
    </p>
   </div>
  </div>
 </body>
</html>
