2800 4759
443 246 719 350 onrurcn.
794 201 808 297 ‚ss
1042 231 1115 308 421

56 409 131 478 octo
163 347 266 477 vitae
300 402 503 497 negotia,
518 409 613 499 qiree
652 404 886 499 persequitur
915 403 1118 494 Ma'xirnus,

54 531 158 618 quote
181 542 276 620 pars
309 531 396 594 sunt
426 523 623 598 materiae
638 520 687 596 ad
720 519 953 598 tractandum
977 546 1132 622 propo-i

54 639 778 728 steet1·.uneeumu0u05u01unae
811 668 893 720 curn
920 641 1115 720 dedecore
1154 625 1158 636 ’

52 762 172 838 nouis
199 783 395 857 conmessu
420 766 516 860 agitr
538 760 598 835 de
621 762 823 838 duodecim
855 765 1022 865 locornnr
1047 787 1115 862 po-

52 880 250 973 testatibus,
277 881 324 956 de
350 882 585 982 adspectibus
611 906 678 956 sen
703 884 975 960 radiationibus
991 885 1113 959 stella·

52 1025 143 1092 rum,
181 1000 229 1075 de
265 1004 437 1099 trigonis,
477 983 688 1102 quadratis,
723 1004 914 1082 diametris
951 1017 989 1079 et
1021 1025 1144 1103 quo-⁸

52 1122 156 1196 modo
181 1146 253 1222 pru
278 1126 422 1198 ratione
439 1116 614 1222 cujusque
633 1128 823 1221 geniturae
847 1129 925 1201 sint
948 1123 1138 1222 eligenda,

52 1244 176 1318 idonea
202 1255 374 1343 tempora
399 1245 605 1335 actionum,
645 1244 692 1319 de
726 1247 785 1321 bis
816 1250 928 1343 igitur
961 1260 999 1321 et
1030 1246 1114 1320 aliis

53 1364 150 1440 rebus
183 1387 277 1463 quas
311 1366 425 1440 Zahel
459 1375 497 1438 et
530 1367 641 1439 ceteri
677 1379 847 1441 auctores
882 1366 929 1442 de
953 1366 1114 1440 Eiectin

16 1551 18 1554 .
52 1484 149 1558 nibus
174 1496 353 1600 tractant,
389 1486 534 1560 nullum
567 1485 724 1561 verbum
756 1489 908 1584 legitur3
947 1490 1036 1586 quin
1066 1508 1113 1558 ne

17 1661 18 1664 ,
53 1607 148 1680 lunae
181 1591 332 1705 quidem
365 1607 414 1680 ad
447 1607 609 1720 reliquos
641 1608 810 1748 planetas
844 1609 1113 1707 applicationes

16 1757 19 1788 ι
54 1739 204 1818 enarrat,
233 1725 280 1800 de
306 1727 438 1828 quibus
451 1713 673 1802 Firmicns
661 1731 854 1827 inprimis
879 1730 967 1804 libri
992 1728 1113 1840 quarti

16 1947 17 1950 Ἴ
54 1848 224 1947 capitibus
256 1846 375 1922 multa
408 1847 541 1940 tradit3
580 1872 652 1946 quo
684 1851 806 1944 major
845 1862 901 1923 est
938 1845 1113 1947 suspicio,

16 2033 18 2070 ,
54 1972 244 2044 roinin'ranr
248 1970 375 2044 totins
403 1973 527 2067 operis
552 1981 717 2070 partem
711 1970 775 2066 ad
800 1981 928 2044 nostra
943 1981 1116 2067 tempora

55 2103 229 2166 servatam
246 2094 346 2164 erse.
409 2088 516 2180 Quae
542 2113 654 2190 quum
680 2095 738 2165 ita
763 2095 854 2183 sint,
889 2113 965 2164 non
995 2093 1114 2163 miror

16 2247 18 2266 0
55 2211 141 2307 (fred
162 2213 405 2286 Hermannus
435 2214 476 2285 in
502 2213 619 2286 Praei.
656 2239 692 2311 p.
720 2212 817 2287 vffl.
851 2214 982 2286 Lenzii
1009 2233 1114 2305 argu-

16 2405 17 2408 ,
55 2335 173 2408 nmis
206 2331 344 2407 adduci
377 2353 430 2408 se·
445 2343 578 2428 regn,
594 2395 599 2408 ,
614 2344 658 2407 ut
689 2358 837 2408 carmen
864 2332 1014 2430 Orpheo
1048 2329 1113 2403 ad-

55 2452 220 2551 scriptum
246 2453 293 2527 ab
320 2476 385 2543 eo,
411 2452 513 2551 quod
537 2454 725 2530 Maximus
752 2453 888 2543 edidit,
923 2452 1113 2527 diversum
1209 2523 1221 2553 ⁸

54 2585 154 2668 putet
189 2572 284 2650 ‘Sed
324 2581 528 2672 suppetunt
567 2577 664 2648 aliae
704 2577 892 2670 graviores
939 2573 1113 2646 rationes.

55 2692 204 2769 Primnr'n
240 2696 474 2790 Tymvbittus
507 2698 631 2793 ponit,
668 2699 767 2771 inter
806 2697 913 2771 varia
947 2692 1114 2768 diverso·

54 2821 345 2894 rum³atictorum
371 2817 550 2915 opuscula
576 2817 708 2891 eodem
729 2817 920 2893 volumine
948 2836 1114 2909 compre·
1172 2888 1177 2892 .

54 2933 160 3012 hema*
192 2939 406 3037 principem
430 2937 567 3010 iocum
609 2946 808 3036 occupasse
846 2931 1114 3034 Ephemcrides

56 3055 180 3156 Orphei
205 3060 358 3134 nomine
383 3060 577 3153 insignitas
605 3070 642 3133 et
668 3085 715 3134 ex
741 3084 785 3133 eo
808 3059 1031 3132 'l'zetzarum
1057 3075 1113 3125 er-

25 3269 28 3276 >
54 3200 162 3253 rorem
187 3190 338 3269 natum,
371 3189 414 3250 ut
438 3180 595 3258 Maximi
621 3189 769 3256 cannen
793 3182 852 3254 his
878 3178 1114 3273 subjunctum

56 3296 190 3398 Orpheo
218 3301 439 3394 tribuerent,
467 3303 571 3396 cojns
597 3323 735 3375 nomen
760 3306 798 3374 in
825 3299 1032 3399 protocoiio
1058 3297 1113 3370 in-

55 3423 238 3496 venissent
297 3421 376 3495 Nos
409 3444 521 3511 vero,
562 3425 643 3499 sive
676 3421 859 3507 Hesiodei
891 3421 1015 3517 operis
1050 3416 1113 3487 de-

21 3595 23 3602 .
56 3544 279 3640 scriptionem
321 3539 595 3617 consideramus
637 3543 684 3617 ab
725 3542 976 3616 imitatoribus
1012 3533 1114 3609 hand

56 3657 154 3736 dubie
179 3677 386 3756 servatam,
425 3668 507 3740 sive
533 3665 793 3763 Ephemeridis
819 3665 938 3762 ipsius
963 3659 1112 3734 initium
1152 3645 1154 3647 ’

58 3781 163 3862 Hdrr³
192 3783 377 3884 ttoni„
385 3810 484 3892 quo
513 3787 616 3862 velut
642 3786 848 3882 colophone
873 3782 1003 3856 addito
1029 3779 1111 3851 Mu-

58 3907 132 3976 saei
148 3909 331 3980 institutio
359 3922 652 3998 consummatur,
686 3906 826 4003 Orphei
847 3906 1005 4003 Fucinus
1031 3902 1111 3995 ejus

59 4022 189 4130 Έργθις
221 4028 403 4125 subjectas
437 4033 562 4127 potius
594 4052 704 4145 quam
738 4027 962 4130 praemissas
997 4022 1112 4096 fuisse
1226 4086 1231 4094 „
