<?xml version="1.0" encoding="UTF-8"?>
<!DOCTYPE html PUBLIC "-//W3C//DTD XHTML 1.0 Transitional//EN"
    "http://www.w3.org/TR/xhtml1/DTD/xhtml1-transitional.dtd">
<html xmlns="http://www.w3.org/1999/xhtml" xml:lang="en" lang="en">
 <head>
  <title>
</title>
<meta http-equiv="Content-Type" content="text/html;charset=utf-8" />
  <meta name='ocr-system' content='tesseract 3.04.00' />
  <meta name='ocr-capabilities' content='ocr_page ocr_carea ocr_par ocr_line ocrx_word'/>
</head>
<body>
  <div class='ocr_page' id='page_1' title='image "aglaophamussive02lobegoog_0133.png"; bbox 0 0 2800 4759; ppageno 0'>
   <div class='ocr_carea' id='block_1_1' title="bbox 332 235 1125 317">
    <p class='ocr_par' dir='ltr' id='par_1_1' title="bbox 332 235 1125 317">
     <span class='ocr_line' id='line_1_1' title="bbox 332 235 1125 317; baseline 0.014 -17"><span class='ocrx_word' id='word_1_1' title='bbox 332 308 335 317; x_wconf 86' lang='lat'><em>.</em></span> <span class='ocrx_word' id='word_1_2' title='bbox 415 248 760 307; x_wconf 75' lang='lat' dir='ltr'><strong>utnusrnrr.</strong></span> <span class='ocrx_word' id='word_1_3' title='bbox 1053 235 1125 310; x_wconf 83' lang='lat'><strong>117</strong></span> 
     </span>
    </p>
   </div>
   <div class='ocr_carea' id='block_1_2' title="bbox 20 388 1317 4118">
    <p class='ocr_par' dir='ltr' id='par_1_2' title="bbox 20 388 1166 510">
     <span class='ocr_line' id='line_1_2' title="bbox 20 388 1166 510; baseline 0.003 -27"><span class='ocrx_word' id='word_1_4' title='bbox 20 388 21 419; x_wconf 63' lang='lat'><em>²</em></span> <span class='ocrx_word' id='word_1_5' title='bbox 73 420 127 483; x_wconf 86' lang='lat' dir='ltr'><strong>tos.</strong></span> <span class='ocrx_word' id='word_1_6' title='bbox 142 405 464 506; x_wconf 86' lang='lat' dir='ltr'><strong>praesidebantet</strong></span> <span class='ocrx_word' id='word_1_7' title='bbox 488 410 697 486; x_wconf 78' lang='lat' dir='ltr'><strong>sacerdotes</strong></span> <span class='ocrx_word' id='word_1_8' title='bbox 722 411 856 510; x_wconf 90' lang='lat' dir='ltr'><strong>populi</strong></span> <span class='ocrx_word' id='word_1_9' title='bbox 878 409 1124 503; x_wconf 74' lang='lat' dir='ltr'><strong>Atheniensis,</strong></span> <span class='ocrx_word' id='word_1_10' title='bbox 1162 407 1166 413; x_wconf 73' lang='grc'><em>’</em></span> 
     </span>
    </p>

    <p class='ocr_par' dir='ltr' id='par_1_3' title="bbox 70 514 1317 746">
     <span class='ocr_line' id='line_1_3' title="bbox 72 514 1317 623; baseline 0.008 -23"><span class='ocrx_word' id='word_1_11' title='bbox 72 530 119 601; x_wconf 85' lang='lat' dir='ltr'><strong>iis</strong></span> <span class='ocrx_word' id='word_1_12' title='bbox 142 527 360 623; x_wconf 86' lang='lat' dir='ltr'><strong>ambubajae</strong></span> <span class='ocrx_word' id='word_1_13' title='bbox 386 539 424 601; x_wconf 90' lang='lat' dir='ltr'><strong>et</strong></span> <span class='ocrx_word' id='word_1_14' title='bbox 447 514 721 606; x_wconf 78' lang='lat' dir='ltr'><strong>aermcatorum</strong></span> <span class='ocrx_word' id='word_1_15' title='bbox 751 533 902 622; x_wconf 55' lang='lat' dir='ltr'><strong>infimis</strong></span> <span class='ocrx_word' id='word_1_16' title='bbox 920 533 995 606; x_wconf 85' lang='lat' dir='ltr'><strong>illis</strong></span> <span class='ocrx_word' id='word_1_17' title='bbox 1023 555 1123 608; x_wconf 89' lang='lat' dir='ltr'><strong>sum·</strong></span> <span class='ocrx_word' id='word_1_18' title='bbox 1314 522 1317 529; x_wconf 17' lang='grc' dir='ltr'><strong><em>λ</em></strong></span> 
     </span>
     <span class='ocr_line' id='line_1_4' title="bbox 70 646 1122 746; baseline 0.003 -24"><span class='ocrx_word' id='word_1_19' title='bbox 70 673 140 722; x_wconf 89' lang='lat' dir='ltr'><strong>mus</strong></span> <span class='ocrx_word' id='word_1_20' title='bbox 165 646 356 722; x_wconf 79' lang='lat' dir='ltr'><strong>constabat</strong></span> <span class='ocrx_word' id='word_1_21' title='bbox 380 647 483 746; x_wconf 88' lang='lat' dir='ltr'><strong>apud</strong></span> <span class='ocrx_word' id='word_1_22' title='bbox 508 673 635 726; x_wconf 82' lang='lat' dir='ltr'><strong>omnes</strong></span> <span class='ocrx_word' id='word_1_23' title='bbox 662 653 799 742; x_wconf 85' lang='lat' dir='ltr'><strong>nonos,</strong></span> <span class='ocrx_word' id='word_1_24' title='bbox 834 651 965 741; x_wconf 86' lang='lat' dir='ltr'><strong>decus,</strong></span> <span class='ocrx_word' id='word_1_25' title='bbox 991 652 1122 725; x_wconf 78' lang='lat' dir='ltr'><strong>macti·</strong></span> 
     </span>
    </p>

    <p class='ocr_par' dir='ltr' id='par_1_4' title="bbox 72 765 1123 872">
     <span class='ocr_line' id='line_1_5' title="bbox 72 765 1123 872; baseline -0.001 -29"><span class='ocrx_word' id='word_1_26' title='bbox 72 780 128 857; x_wconf 85' lang='lat' dir='ltr'><strong>tos,</strong></span> <span class='ocrx_word' id='word_1_27' title='bbox 149 769 239 841; x_wconf 84' lang='lat' dir='ltr'><strong>haec</strong></span> <span class='ocrx_word' id='word_1_28' title='bbox 262 765 552 865; x_wconf 84' lang='lat' dir='ltr'><strong>prudentissimo</strong></span> <span class='ocrx_word' id='word_1_29' title='bbox 579 775 709 872; x_wconf 73' lang='lat' dir='ltr'><strong>conque</strong></span> <span class='ocrx_word' id='word_1_30' title='bbox 736 771 823 846; x_wconf 91' lang='lat' dir='ltr'><strong>odio</strong></span> <span class='ocrx_word' id='word_1_31' title='bbox 850 781 955 845; x_wconf 87' lang='lat' dir='ltr'><strong>erant</strong></span> <span class='ocrx_word' id='word_1_32' title='bbox 980 782 1017 843; x_wconf 92' lang='lat' dir='ltr'><strong>et</strong></span> <span class='ocrx_word' id='word_1_33' title='bbox 1037 789 1123 843; x_wconf 89' lang='lat' dir='ltr'><strong>eon·</strong></span> 
     </span>
    </p>

    <p class='ocr_par' dir='ltr' id='par_1_5' title="bbox 70 888 1123 986">
     <span class='ocr_line' id='line_1_6' title="bbox 70 888 1123 986; baseline 0.002 -26"><span class='ocrx_word' id='word_1_34' title='bbox 70 891 198 961; x_wconf 82' lang='lat' dir='ltr'><strong>temttri.</strong></span> <span class='ocrx_word' id='word_1_35' title='bbox 221 923 224 926; x_wconf 51' lang='grc'>’</span> <span class='ocrx_word' id='word_1_36' title='bbox 248 888 378 986; x_wconf 84' lang='lat' dir='ltr'><strong>anue</strong></span> <span class='ocrx_word' id='word_1_37' title='bbox 414 889 602 968; x_wconf 90' lang='lat' dir='ltr'><strong>distinctio</strong></span> <span class='ocrx_word' id='word_1_38' title='bbox 627 905 806 969; x_wconf 86' lang='lat' dir='ltr'><strong>nontam</strong></span> <span class='ocrx_word' id='word_1_39' title='bbox 833 889 883 965; x_wconf 90' lang='lat' dir='ltr'><strong>ad</strong></span> <span class='ocrx_word' id='word_1_40' title='bbox 907 891 1043 973; x_wconf 87' lang='lat' dir='ltr'><strong>Dionis</strong></span> <span class='ocrx_word' id='word_1_41' title='bbox 1067 889 1123 962; x_wconf 91' lang='lat' dir='ltr'><strong>lo·</strong></span> 
     </span>
    </p>

    <p class='ocr_par' dir='ltr' id='par_1_6' title="bbox 72 1008 1123 1110">
     <span class='ocr_line' id='line_1_7' title="bbox 72 1008 1123 1110; baseline 0 -28"><span class='ocrx_word' id='word_1_42' title='bbox 72 1031 139 1082; x_wconf 88' lang='lat' dir='ltr'><strong>cum</strong></span> <span class='ocrx_word' id='word_1_43' title='bbox 162 1010 342 1107; x_wconf 77' lang='lat' dir='ltr'><strong>pertinet,</strong></span> <span class='ocrx_word' id='word_1_44' title='bbox 372 1011 511 1108; x_wconf 89' lang='lat' dir='ltr'><strong>inquo</strong></span> <span class='ocrx_word' id='word_1_45' title='bbox 539 1036 754 1089; x_wconf 85' lang='lat' dir='ltr'><strong>communes</strong></span> <span class='ocrx_word' id='word_1_46' title='bbox 781 1010 962 1110; x_wconf 81' lang='lat' dir='ltr'><strong>quaedam</strong></span> <span class='ocrx_word' id='word_1_47' title='bbox 988 1008 1123 1083; x_wconf 85' lang='lat' dir='ltr'><strong>utrius·</strong></span> 
     </span>
    </p>

    <p class='ocr_par' dir='ltr' id='par_1_7' title="bbox 70 1131 1122 1232">
     <span class='ocr_line' id='line_1_8' title="bbox 70 1131 1122 1232; baseline 0 -30"><span class='ocrx_word' id='word_1_48' title='bbox 70 1154 127 1228; x_wconf 77' lang='lat' dir='ltr'><strong>que</strong></span> <span class='ocrx_word' id='word_1_49' title='bbox 150 1131 428 1226; x_wconf 81' lang='lat' dir='ltr'><strong>generisnotae</strong></span> <span class='ocrx_word' id='word_1_50' title='bbox 453 1146 679 1231; x_wconf 85' lang='lat' dir='ltr'><strong>comparent,</strong></span> <span class='ocrx_word' id='word_1_51' title='bbox 704 1155 815 1232; x_wconf 90' lang='lat' dir='ltr'><strong>quam</strong></span> <span class='ocrx_word' id='word_1_52' title='bbox 837 1131 886 1205; x_wconf 85' lang='lat' dir='ltr'><strong>ad</strong></span> <span class='ocrx_word' id='word_1_53' title='bbox 905 1131 999 1205; x_wconf 88' lang='lat' dir='ltr'><strong>alios</strong></span> <span class='ocrx_word' id='word_1_54' title='bbox 1015 1150 1122 1229; x_wconf 82' lang='lat' dir='ltr'><strong>quos-</strong></span> 
     </span>
    </p>

    <p class='ocr_par' dir='ltr' id='par_1_8' title="bbox 69 1250 1123 1352">
     <span class='ocr_line' id='line_1_9' title="bbox 69 1250 1123 1352; baseline 0.002 -30"><span class='ocrx_word' id='word_1_55' title='bbox 69 1251 160 1339; x_wconf 81' lang='lat' dir='ltr'><strong>dam,</strong></span> <span class='ocrx_word' id='word_1_56' title='bbox 186 1252 251 1348; x_wconf 88' lang='lat' dir='ltr'><strong>qui</strong></span> <span class='ocrx_word' id='word_1_57' title='bbox 276 1272 390 1347; x_wconf 90' lang='lat' dir='ltr'><strong>quum</strong></span> <span class='ocrx_word' id='word_1_58' title='bbox 416 1250 464 1325; x_wconf 91' lang='lat' dir='ltr'><strong>de</strong></span> <span class='ocrx_word' id='word_1_59' title='bbox 488 1256 646 1352; x_wconf 87' lang='lat' dir='ltr'><strong>privatis</strong></span> <span class='ocrx_word' id='word_1_60' title='bbox 671 1253 859 1349; x_wconf 74' lang='lat' dir='ltr'><strong>mysteriis</strong></span> <span class='ocrx_word' id='word_1_61' title='bbox 885 1252 1013 1351; x_wconf 87' lang='lat' dir='ltr'><strong>scripti</strong></span> <span class='ocrx_word' id='word_1_62' title='bbox 1038 1253 1123 1339; x_wconf 85' lang='lat' dir='ltr'><strong>sint,</strong></span> 
     </span>
    </p>

    <p class='ocr_par' dir='ltr' id='par_1_9' title="bbox 68 1371 913 1465">
     <span class='ocr_line' id='line_1_10' title="bbox 68 1371 913 1465; baseline 0.002 -22"><span class='ocrx_word' id='word_1_63' title='bbox 68 1395 135 1445; x_wconf 93' lang='lat' dir='ltr'><strong>non</strong></span> <span class='ocrx_word' id='word_1_64' title='bbox 150 1375 231 1446; x_wconf 86' lang='lat' dir='ltr'><strong>sine</strong></span> <span class='ocrx_word' id='word_1_65' title='bbox 255 1371 395 1465; x_wconf 77' lang='lat' dir='ltr'><strong>flagitio</strong></span> <span class='ocrx_word' id='word_1_66' title='bbox 419 1371 480 1447; x_wconf 15' lang='lat' dir='ltr'><strong>adv</strong></span> <span class='ocrx_word' id='word_1_67' title='bbox 493 1375 686 1449; x_wconf 81' lang='lat' dir='ltr'><strong>Eleusinia</strong></span> <span class='ocrx_word' id='word_1_68' title='bbox 709 1374 913 1448; x_wconf 85' lang='lat' dir='ltr'><strong>trahuntur.</strong></span> 
     </span>
    </p>

    <p class='ocr_par' dir='ltr' id='par_1_10' title="bbox 64 1489 1199 3518">
     <span class='ocr_line' id='line_1_11' title="bbox 153 1489 1118 1593; baseline -0.002 -29"><span class='ocrx_word' id='word_1_69' title='bbox 153 1491 185 1564; x_wconf 89' lang='lat' dir='ltr'><strong>J.</strong></span> <span class='ocrx_word' id='word_1_70' title='bbox 212 1489 397 1565; x_wconf 70' lang='lat' dir='ltr'><strong>stobaeus</strong></span> <span class='ocrx_word' id='word_1_71' title='bbox 422 1492 580 1593; x_wconf 87' lang='lat' dir='ltr'><strong>deniquo</strong></span> <span class='ocrx_word' id='word_1_72' title='bbox 595 1492 727 1569; x_wconf 86' lang='lat' dir='ltr'><strong>CXIX.</strong></span> <span class='ocrx_word' id='word_1_73' title='bbox 741 1494 828 1569; x_wconf 78' lang='lat'><strong>604.</strong></span> <span class='ocrx_word' id='word_1_74' title='bbox 852 1494 920 1566; x_wconf 93' lang='lat' dir='ltr'><strong>illa</strong></span> <span class='ocrx_word' id='word_1_75' title='bbox 944 1493 1026 1568; x_wconf 90' lang='lat' dir='ltr'><strong>sive</strong></span> <span class='ocrx_word' id='word_1_76' title='bbox 1038 1489 1118 1563; x_wconf 89' lang='lat' dir='ltr'><strong>Plu·</strong></span> 
     </span>
     <span class='ocr_line' id='line_1_12' title="bbox 68 1611 1141 1715; baseline -0.003 -30"><span class='ocrx_word' id='word_1_77' title='bbox 68 1614 169 1686; x_wconf 81' lang='lat' dir='ltr'><strong>tareni</strong></span> <span class='ocrx_word' id='word_1_78' title='bbox 194 1613 357 1715; x_wconf 82' lang='lat' dir='ltr'><strong>(Fragm</strong></span> <span class='ocrx_word' id='word_1_79' title='bbox 384 1611 431 1689; x_wconf 90' lang='lat' dir='ltr'><strong>de</strong></span> <span class='ocrx_word' id='word_1_80' title='bbox 456 1611 527 1687; x_wconf 83' lang='lat' dir='ltr'><strong>An.</strong></span> <span class='ocrx_word' id='word_1_81' title='bbox 541 1615 615 1689; x_wconf 79' lang='lat' dir='ltr'><strong>&#39;VI</strong></span> <span class='ocrx_word' id='word_1_82' title='bbox 641 1617 676 1691; x_wconf 87' lang='grc'><strong>2.</strong></span> <span class='ocrx_word' id='word_1_83' title='bbox 690 1612 795 1711; x_wconf 80' lang='grc'>726.)</span> <span class='ocrx_word' id='word_1_84' title='bbox 819 1615 901 1690; x_wconf 85' lang='lat' dir='ltr'><strong>sive</strong></span> <span class='ocrx_word' id='word_1_85' title='bbox 927 1611 1141 1713; x_wconf 29' lang='lat' dir='ltr'><strong>Themistiil</strong></span> 
     </span>
     <span class='ocr_line' id='line_1_13' title="bbox 68 1722 1120 1835; baseline -0.002 -29"><span class='ocrx_word' id='word_1_86' title='bbox 68 1732 167 1806; x_wconf 86' lang='lat' dir='ltr'><strong>verba</strong></span> <span class='ocrx_word' id='word_1_87' title='bbox 192 1735 359 1824; x_wconf 77' lang='lat' dir='ltr'><strong>exiribet,</strong></span> <span class='ocrx_word' id='word_1_88' title='bbox 385 1757 480 1833; x_wconf 88' lang='lat' dir='ltr'><strong>quae</strong></span> <span class='ocrx_word' id='word_1_89' title='bbox 505 1758 619 1834; x_wconf 89' lang='lat' dir='ltr'><strong>supra</strong></span> <span class='ocrx_word' id='word_1_90' title='bbox 643 1737 856 1810; x_wconf 86' lang='lat' dir='ltr'><strong>retulimus:</strong></span> <span class='ocrx_word' id='word_1_91' title='bbox 881 1733 954 1835; x_wconf 80' lang='grc' dir='ltr'><strong>πρὸ</strong></span> <span class='ocrx_word' id='word_1_92' title='bbox 972 1740 1042 1808; x_wconf 86' lang='grc' dir='ltr'><strong>τοῦ</strong></span> <span class='ocrx_word' id='word_1_93' title='bbox 1062 1722 1120 1804; x_wconf 79' lang='grc' dir='ltr'><strong>τέ-</strong></span> 
     </span>
     <span class='ocr_line' id='line_1_14' title="bbox 69 1839 1165 1963; baseline -0.007 -32"><span class='ocrx_word' id='word_1_94' title='bbox 69 1864 139 1938; x_wconf 79' lang='grc' dir='ltr'><strong><em>λιιις</em></strong></span> <span class='ocrx_word' id='word_1_95' title='bbox 163 1855 278 1956; x_wconf 80' lang='grc' dir='ltr'><em>φρίκη</em></span> <span class='ocrx_word' id='word_1_96' title='bbox 304 1856 368 1932; x_wconf 84' lang='grc' dir='ltr'><strong>καὶ</strong></span> <span class='ocrx_word' id='word_1_97' title='bbox 391 1854 540 1958; x_wconf 81' lang='grc' dir='ltr'><em>τρόμος·</em></span> <span class='ocrx_word' id='word_1_98' title='bbox 567 1862 608 1934; x_wconf 75' lang='grc' dir='ltr'><strong>ἐκ</strong></span> <span class='ocrx_word' id='word_1_99' title='bbox 631 1856 674 1933; x_wconf 71' lang='grc' dir='ltr'><strong>δι’</strong></span> <span class='ocrx_word' id='word_1_100' title='bbox 698 1853 835 1934; x_wconf 72' lang='grc' dir='ltr'><em>τούτου</em></span> <span class='ocrx_word' id='word_1_101' title='bbox 861 1863 943 1956; x_wconf 80' lang='grc' dir='ltr'><strong>φῶς</strong></span> <span class='ocrx_word' id='word_1_102' title='bbox 961 1879 999 1926; x_wconf 86' lang='grc' dir='ltr'><strong><em>τι</em></strong></span> <span class='ocrx_word' id='word_1_103' title='bbox 1018 1853 1120 1924; x_wconf 57' lang='lat' dir='ltr'><strong>rinv-</strong></span> <span class='ocrx_word' id='word_1_104' title='bbox 1148 1839 1165 1963; x_wconf 19' lang='grc' dir='ltr'><strong>γ’</strong></span> 
     </span>
     <span class='ocr_line' id='line_1_15' title="bbox 67 1973 1121 2078; baseline 0.002 -28"><span class='ocrx_word' id='word_1_105' title='bbox 67 1973 187 2072; x_wconf 64' lang='lat' dir='ltr'><strong>ptoloms</strong></span> <span class='ocrx_word' id='word_1_106' title='bbox 221 1975 408 2073; x_wconf 78' lang='grc' dir='ltr'><em>ἀπήντησε</em></span> <span class='ocrx_word' id='word_1_107' title='bbox 440 1978 505 2054; x_wconf 83' lang='grc' dir='ltr'><strong>καὶ</strong></span> <span class='ocrx_word' id='word_1_108' title='bbox 537 1975 646 2053; x_wconf 81' lang='grc' dir='ltr'><strong><em>τόποι</em></strong></span> <span class='ocrx_word' id='word_1_109' title='bbox 670 1976 838 2078; x_wconf 65' lang='grc' dir='ltr'><strong><em>καθαροὶ</em></strong></span> <span class='ocrx_word' id='word_1_110' title='bbox 861 1973 926 2051; x_wconf 81' lang='grc' dir='ltr'><strong>καὶ</strong></span> <span class='ocrx_word' id='word_1_111' title='bbox 950 1977 1121 2070; x_wconf 69' lang='grc' dir='ltr'><strong><em>λειμῶνες</em></strong></span> 
     </span>
     <span class='ocr_line' id='line_1_16' title="bbox 67 2085 1121 2198; baseline -0.009 -29"><span class='ocrx_word' id='word_1_112' title='bbox 67 2094 220 2182; x_wconf 72' lang='grc' dir='ltr'><strong>ἐδέξαντο</strong></span> <span class='ocrx_word' id='word_1_113' title='bbox 248 2098 380 2197; x_wconf 77' lang='grc' dir='ltr'><em>φωνὰς</em></span> <span class='ocrx_word' id='word_1_114' title='bbox 404 2097 468 2173; x_wconf 77' lang='grc' dir='ltr'><strong>καὶ</strong></span> <span class='ocrx_word' id='word_1_115' title='bbox 488 2098 637 2198; x_wconf 77' lang='grc' dir='ltr'><strong><em>χορείας</em></strong></span> <span class='ocrx_word' id='word_1_116' title='bbox 664 2099 807 2195; x_wconf 61' lang='grc' dir='ltr'><strong><em>ἔχοντες</em></strong></span> <span class='ocrx_word' id='word_1_117' title='bbox 832 2105 898 2168; x_wconf 78' lang='lat' dir='ltr'><strong>etc</strong></span> <span class='ocrx_word' id='word_1_118' title='bbox 937 2089 1010 2167; x_wconf 88' lang='lat' dir='ltr'><strong>His</strong></span> <span class='ocrx_word' id='word_1_119' title='bbox 1035 2085 1121 2161; x_wconf 80' lang='lat' dir='ltr'><strong>sub·</strong></span> 
     </span>
     <span class='ocr_line' id='line_1_17' title="bbox 64 2206 1121 2316; baseline -0.005 -29"><span class='ocrx_word' id='word_1_120' title='bbox 64 2215 203 2310; x_wconf 78' lang='lat' dir='ltr'><strong>jungunt</strong></span> <span class='ocrx_word' id='word_1_121' title='bbox 244 2218 399 2309; x_wconf 86' lang='lat' dir='ltr'><strong>Luciani</strong></span> <span class='ocrx_word' id='word_1_122' title='bbox 437 2217 561 2293; x_wconf 90' lang='lat' dir='ltr'><strong>locum</strong></span> <span class='ocrx_word' id='word_1_123' title='bbox 594 2215 737 2316; x_wconf 84' lang='lat' dir='ltr'><strong>Catapl.</strong></span> <span class='ocrx_word' id='word_1_124' title='bbox 769 2215 908 2290; x_wconf 87' lang='lat' dir='ltr'><strong>XXIII.</strong></span> <span class='ocrx_word' id='word_1_125' title='bbox 939 2211 1026 2287; x_wconf 78' lang='lat'><strong>203.</strong></span> <span class='ocrx_word' id='word_1_126' title='bbox 1055 2206 1121 2281; x_wconf 85' lang='lat' dir='ltr'><strong>ubi</strong></span> 
     </span>
     <span class='ocr_line' id='line_1_18' title="bbox 65 2331 1199 2436; baseline -0.007 -26"><span class='ocrx_word' id='word_1_127' title='bbox 65 2341 170 2412; x_wconf 76' lang='lat' dir='ltr'><strong>nscio</strong></span> <span class='ocrx_word' id='word_1_128' title='bbox 202 2339 289 2436; x_wconf 88' lang='lat' dir='ltr'><strong>quis</strong></span> <span class='ocrx_word' id='word_1_129' title='bbox 316 2337 452 2410; x_wconf 87' lang='lat' dir='ltr'><strong>Orcum</strong></span> <span class='ocrx_word' id='word_1_130' title='bbox 485 2339 669 2434; x_wconf 77' lang='lat' dir='ltr'><strong>ingressus</strong></span> <span class='ocrx_word' id='word_1_131' title='bbox 705 2361 788 2415; x_wconf 90' lang='lat' dir='ltr'><strong>cum</strong></span> <span class='ocrx_word' id='word_1_132' title='bbox 814 2337 915 2409; x_wconf 91' lang='lat' dir='ltr'><strong>socio</strong></span> <span class='ocrx_word' id='word_1_133' title='bbox 940 2333 1119 2431; x_wconf 82' lang='lat' dir='ltr'><strong>loquitur:</strong></span> <span class='ocrx_word' id='word_1_134' title='bbox 1192 2331 1199 2335; x_wconf 83' lang='grc'><strong>’</strong></span> 
     </span>
     <span class='ocr_line' id='line_1_19' title="bbox 69 2454 1119 2562; baseline -0.003 -32"><span class='ocrx_word' id='word_1_135' title='bbox 69 2460 132 2535; x_wconf 67' lang='lat' dir='ltr'><strong>alni</strong></span> <span class='ocrx_word' id='word_1_136' title='bbox 157 2491 235 2559; x_wconf 82' lang='grc' dir='ltr'><strong><em>μοι,</em></strong></span> <span class='ocrx_word' id='word_1_137' title='bbox 269 2459 462 2555; x_wconf 74' lang='grc' dir='ltr'><strong><em>ἐτελέσθης</em></strong></span> <span class='ocrx_word' id='word_1_138' title='bbox 486 2459 560 2562; x_wconf 78' lang='grc' dir='ltr'><strong>γὰρ</strong></span> <span class='ocrx_word' id='word_1_139' title='bbox 586 2459 634 2539; x_wconf 78' lang='grc' dir='ltr'><strong>τὰ</strong></span> <span class='ocrx_word' id='word_1_140' title='bbox 656 2459 878 2546; x_wconf 77' lang='grc' dir='ltr'><strong><em>Ἐλευσίνια,</em></strong></span> <span class='ocrx_word' id='word_1_141' title='bbox 914 2456 983 2553; x_wconf 73' lang='grc' dir='ltr'><strong>οὐχ</strong></span> <span class='ocrx_word' id='word_1_142' title='bbox 1008 2454 1119 2553; x_wconf 82' lang='grc' dir='ltr'><strong><em>ὅμοια</em></strong></span> 
     </span>
     <span class='ocr_line' id='line_1_20' title="bbox 68 2574 1118 2672; baseline -0.007 -20"><span class='ocrx_word' id='word_1_143' title='bbox 68 2588 130 2665; x_wconf 79' lang='grc' dir='ltr'><strong><em>τοῖς</em></strong></span> <span class='ocrx_word' id='word_1_144' title='bbox 159 2586 235 2656; x_wconf 75' lang='grc' dir='ltr'><strong><em>ἐκεῖ</em></strong></span> <span class='ocrx_word' id='word_1_145' title='bbox 254 2578 320 2654; x_wconf 68' lang='lat' dir='ltr'><strong>col</strong></span> <span class='ocrx_word' id='word_1_146' title='bbox 359 2576 499 2655; x_wconf 72' lang='grc' dir='ltr'><em>ἐνθάδε</em></span> <span class='ocrx_word' id='word_1_147' title='bbox 539 2604 599 2656; x_wconf 86' lang='grc' dir='ltr'><strong><em>σοι</em></strong></span> <span class='ocrx_word' id='word_1_148' title='bbox 630 2579 749 2672; x_wconf 74' lang='grc' dir='ltr'><em>δοκιῖ,·</em></span> <span class='ocrx_word' id='word_1_149' title='bbox 790 2574 889 2652; x_wconf 86' lang='lat' dir='ltr'><strong>uude</strong></span> <span class='ocrx_word' id='word_1_150' title='bbox 921 2574 977 2647; x_wconf 87' lang='lat' dir='ltr'><strong>illi</strong></span> <span class='ocrx_word' id='word_1_151' title='bbox 1010 2594 1118 2668; x_wconf 77' lang='lat' dir='ltr'><strong>argu-</strong></span> 
     </span>
     <span class='ocr_line' id='line_1_21' title="bbox 66 2692 1119 2796; baseline -0.005 -26"><span class='ocrx_word' id='word_1_152' title='bbox 66 2711 279 2786; x_wconf 83' lang='lat' dir='ltr'><strong>mentantur,</strong></span> <span class='ocrx_word' id='word_1_153' title='bbox 297 2697 471 2792; x_wconf 87' lang='lat' dir='ltr'><strong>Elysium</strong></span> <span class='ocrx_word' id='word_1_154' title='bbox 495 2699 764 2796; x_wconf 83' lang='lat' dir='ltr'><strong>Tartarumque</strong></span> <span class='ocrx_word' id='word_1_155' title='bbox 778 2704 827 2771; x_wconf 79' lang='lat' dir='ltr'><strong>&#39;et</strong></span> <span class='ocrx_word' id='word_1_156' title='bbox 850 2692 1028 2794; x_wconf 86' lang='lat' dir='ltr'><strong>quidquid</strong></span> <span class='ocrx_word' id='word_1_157' title='bbox 1053 2714 1119 2765; x_wconf 89' lang='lat' dir='ltr'><strong>un·</strong></span> 
     </span>
     <span class='ocr_line' id='line_1_22' title="bbox 67 2808 1117 2918; baseline -0.009 -26"><span class='ocrx_word' id='word_1_158' title='bbox 67 2822 159 2915; x_wconf 77' lang='lat' dir='ltr'><strong>mam</strong></span> <span class='ocrx_word' id='word_1_159' title='bbox 179 2831 317 2918; x_wconf 82' lang='lat' dir='ltr'><strong>poetae</strong></span> <span class='ocrx_word' id='word_1_160' title='bbox 337 2822 569 2917; x_wconf 85' lang='lat' dir='ltr'><strong>pictoresque</strong></span> <span class='ocrx_word' id='word_1_161' title='bbox 592 2818 639 2891; x_wconf 89' lang='lat' dir='ltr'><strong>de</strong></span> <span class='ocrx_word' id='word_1_162' title='bbox 658 2818 787 2892; x_wconf 82' lang='lat' dir='ltr'><strong>inferis</strong></span> <span class='ocrx_word' id='word_1_163' title='bbox 810 2808 1008 2891; x_wconf 82' lang='lat' dir='ltr'><strong>commenti</strong></span> <span class='ocrx_word' id='word_1_164' title='bbox 1021 2822 1117 2900; x_wconf 91' lang='lat' dir='ltr'><strong>sunt,</strong></span> 
     </span>
     <span class='ocr_line' id='line_1_23' title="bbox 66 2933 1118 3039; baseline 0.001 -30"><span class='ocrx_word' id='word_1_165' title='bbox 66 2938 305 3013; x_wconf 79' lang='lat' dir='ltr'><strong>inilletrsiniis</strong></span> <span class='ocrx_word' id='word_1_166' title='bbox 324 2950 640 3039; x_wconf 87' lang='lat' dir='ltr'><strong>repraesentatum</strong></span> <span class='ocrx_word' id='word_1_167' title='bbox 660 2960 750 3031; x_wconf 74' lang='lat' dir='ltr'><strong>etse.</strong></span> <span class='ocrx_word' id='word_1_168' title='bbox 775 2933 1118 3031; x_wconf 69' lang='lat' dir='ltr'><strong>Panemoomnis,</strong></span> 
     </span>
     <span class='ocr_line' id='line_1_24' title="bbox 67 3051 1117 3160; baseline -0.009 -27"><span class='ocrx_word' id='word_1_169' title='bbox 67 3081 144 3160; x_wconf 85' lang='lat' dir='ltr'><strong>quae</strong></span> <span class='ocrx_word' id='word_1_170' title='bbox 174 3072 384 3155; x_wconf 88' lang='lat' dir='ltr'><strong>mystamm</strong></span> <span class='ocrx_word' id='word_1_171' title='bbox 418 3058 521 3158; x_wconf 85' lang='lat' dir='ltr'><strong>apud</strong></span> <span class='ocrx_word' id='word_1_172' title='bbox 551 3058 839 3159; x_wconf 85' lang='lat' dir='ltr'><strong>Aristophanem</strong></span> <span class='ocrx_word' id='word_1_173' title='bbox 872 3051 1117 3144; x_wconf 83' lang='lat' dir='ltr'><strong>chomsEly-</strong></span> 
     </span>
     <span class='ocr_line' id='line_1_25' title="bbox 67 3178 1116 3278; baseline -0.007 -28"><span class='ocrx_word' id='word_1_174' title='bbox 67 3180 128 3253; x_wconf 88' lang='lat' dir='ltr'><strong>sius</strong></span> <span class='ocrx_word' id='word_1_175' title='bbox 151 3181 198 3254; x_wconf 88' lang='lat' dir='ltr'><strong>de</strong></span> <span class='ocrx_word' id='word_1_176' title='bbox 224 3179 479 3254; x_wconf 80' lang='lat' dir='ltr'><strong>sedibussuis</strong></span> <span class='ocrx_word' id='word_1_177' title='bbox 503 3178 1011 3278; x_wconf 75' lang='lat' dir='ltr'><strong>praedicat,.i1ntiatisente</strong></span> <span class='ocrx_word' id='word_1_178' title='bbox 1033 3192 1116 3246; x_wconf 89' lang='lat' dir='ltr'><strong>ocu·</strong></span> 
     </span>
     <span class='ocr_line' id='line_1_26' title="bbox 67 3287 1117 3398; baseline -0.005 -26"><span class='ocrx_word' id='word_1_179' title='bbox 67 3297 266 3398; x_wconf 71' lang='lat' dir='ltr'><strong>Imposita</strong></span> <span class='ocrx_word' id='word_1_180' title='bbox 298 3323 378 3374; x_wconf 85' lang='lat' dir='ltr'><strong>esse</strong></span> <span class='ocrx_word' id='word_1_181' title='bbox 411 3298 647 3373; x_wconf 77' lang='lat' dir='ltr'><strong>contendunt</strong></span> <span class='ocrx_word' id='word_1_182' title='bbox 707 3287 782 3374; x_wconf 79' lang='lat' dir='ltr'><strong>Cur</strong></span> <span class='ocrx_word' id='word_1_183' title='bbox 804 3299 915 3395; x_wconf 72' lang='lat' dir='ltr'><strong>Igitur</strong></span> <span class='ocrx_word' id='word_1_184' title='bbox 941 3294 1117 3369; x_wconf 66' lang='lat' dir='ltr'><strong>omittunt</strong></span> 
     </span>
     <span class='ocr_line' id='line_1_27' title="bbox 67 3419 674 3518; baseline 0.013 -27"><span class='ocrx_word' id='word_1_185' title='bbox 67 3419 145 3494; x_wconf 89' lang='lat' dir='ltr'><strong>illud</strong></span> <span class='ocrx_word' id='word_1_186' title='bbox 168 3423 570 3518; x_wconf 71' lang='lat' dir='ltr'><strong>magnificentissimum</strong></span> <span class='ocrx_word' id='word_1_187' title='bbox 673 3480 674 3485; x_wconf 14' lang='lat' dir='ltr'><strong>a</strong></span> 
     </span>
    </p>

    <p class='ocr_par' dir='ltr' id='par_1_11' title="bbox 67 3544 1116 4118">
     <span class='ocr_line' id='line_1_28' title="bbox 129 3544 900 3645; baseline -0.006 -33"><span class='ocrx_word' id='word_1_188' title='bbox 129 3546 189 3612; x_wconf 73' lang='grc' dir='ltr'><strong>Ἀεὶ</strong></span> <span class='ocrx_word' id='word_1_189' title='bbox 211 3549 269 3627; x_wconf 70' lang='grc' dir='ltr'><strong>μὲν</strong></span> <span class='ocrx_word' id='word_1_190' title='bbox 286 3545 362 3631; x_wconf 67' lang='grc' dir='ltr'><strong><em>’ἡμῖν</em></strong></span> <span class='ocrx_word' id='word_1_191' title='bbox 380 3547 668 3634; x_wconf 72' lang='grc' dir='ltr'><strong><em>ἥλιοςιιαλφίγγος</em></strong></span> <span class='ocrx_word' id='word_1_192' title='bbox 688 3545 796 3633; x_wconf 73' lang='grc' dir='ltr'><strong><em>ἱλαρόν</em></strong></span> <span class='ocrx_word' id='word_1_193' title='bbox 804 3544 900 3645; x_wconf 56' lang='grc' dir='ltr'><strong>Φἓστιλ</strong></span> 
     </span>
     <span class='ocr_line' id='line_1_29' title="bbox 69 3642 1116 3757; baseline -0.007 -25"><span class='ocrx_word' id='word_1_194' title='bbox 69 3678 119 3731; x_wconf 83' lang='lat' dir='ltr'><strong>uu</strong></span> <span class='ocrx_word' id='word_1_195' title='bbox 139 3642 293 3757; x_wconf 76' lang='lat' dir='ltr'><strong>Apuleji</strong></span> <span class='ocrx_word' id='word_1_196' title='bbox 318 3661 603 3751; x_wconf 89' lang='lat' dir='ltr'><strong>obliviscuntur,</strong></span> <span class='ocrx_word' id='word_1_197' title='bbox 638 3662 710 3734; x_wconf 90' lang='lat' dir='ltr'><strong>hoc</strong></span> <span class='ocrx_word' id='word_1_198' title='bbox 740 3656 843 3731; x_wconf 88' lang='lat' dir='ltr'><strong>idem</strong></span> <span class='ocrx_word' id='word_1_199' title='bbox 867 3650 1116 3753; x_wconf 79' lang='lat' dir='ltr'><strong>spectaculum</strong></span> 
     </span>
     <span class='ocr_line' id='line_1_30' title="bbox 67 3767 1116 3879; baseline -0.011 -30"><span class='ocrx_word' id='word_1_200' title='bbox 67 3767 126 3851; x_wconf 82' lang='lat' dir='ltr'><strong>sibi</strong></span> <span class='ocrx_word' id='word_1_201' title='bbox 154 3782 196 3853; x_wconf 92' lang='lat' dir='ltr'><strong>in</strong></span> <span class='ocrx_word' id='word_1_202' title='bbox 229 3781 480 3879; x_wconf 83' lang='lat' dir='ltr'><strong>penetralibus</strong></span> <span class='ocrx_word' id='word_1_203' title='bbox 501 3780 678 3855; x_wconf 89' lang='lat' dir='ltr'><strong>oblatum</strong></span> <span class='ocrx_word' id='word_1_204' title='bbox 704 3775 897 3851; x_wconf 79' lang='lat' dir='ltr'><strong>testantist</strong></span> <span class='ocrx_word' id='word_1_205' title='bbox 921 3768 1116 3849; x_wconf 75' lang='lat' dir='ltr'><strong>,Accessi</strong></span> 
     </span>
     <span class='ocr_line' id='line_1_31' title="bbox 69 3894 1116 3990; baseline -0.007 -25"><span class='ocrx_word' id='word_1_206' title='bbox 69 3900 312 3974; x_wconf 90' lang='lat' dir='ltr'><strong>confinium</strong></span> <span class='ocrx_word' id='word_1_207' title='bbox 338 3904 502 3976; x_wconf 87' lang='lat' dir='ltr'><strong>mortis</strong></span> <span class='ocrx_word' id='word_1_208' title='bbox 527 3914 574 3974; x_wconf 90' lang='lat' dir='ltr'><strong>et</strong></span> <span class='ocrx_word' id='word_1_209' title='bbox 599 3899 779 3972; x_wconf 85' lang='lat' dir='ltr'><strong>calcato</strong></span> <span class='ocrx_word' id='word_1_210' title='bbox 805 3894 1116 3990; x_wconf 85' lang='lat' dir='ltr'><strong>Proserpinae</strong></span> 
     </span>
     <span class='ocr_line' id='line_1_32' title="bbox 68 4014 1116 4118; baseline -0.01 -30"><span class='ocrx_word' id='word_1_211' title='bbox 68 4014 213 4092; x_wconf 92' lang='lat' dir='ltr'><strong>limine</strong></span> <span class='ocrx_word' id='word_1_212' title='bbox 253 4045 333 4118; x_wconf 90' lang='lat' dir='ltr'><strong>per</strong></span> <span class='ocrx_word' id='word_1_213' title='bbox 376 4024 530 4096; x_wconf 87' lang='lat' dir='ltr'><strong>omnia</strong></span> <span class='ocrx_word' id='word_1_214' title='bbox 576 4030 737 4118; x_wconf 86' lang='lat' dir='ltr'><strong>vectus</strong></span> <span class='ocrx_word' id='word_1_215' title='bbox 777 4016 1010 4089; x_wconf 85' lang='lat' dir='ltr'><strong>elementa</strong></span> <span class='ocrx_word' id='word_1_216' title='bbox 1046 4030 1116 4081; x_wconf 88' lang='lat' dir='ltr'><strong>re·</strong></span> 
     </span>
    </p>
   </div>
   <div class='ocr_carea' id='block_1_3' title="bbox 0 0 1404 4759">
    <p class='ocr_par' dir='ltr' id='par_1_12' title="bbox 0 0 1404 4759">
     <span class='ocr_line' id='line_1_33' title="bbox 0 0 1404 4759; baseline 0 1"><span class='ocrx_word' id='word_1_217' title='bbox 0 0 1404 4759; x_wconf 95' lang='lat' dir='ltr'><strong> </strong></span> 
     </span>
    </p>
   </div>
  </div>
 </body>
</html>
