2800 4759
118 235 169 280 &
253 227 303 306 08
505 215 509 219 “
608 227 968 289 nrnnnrnruus.

256 400 427 487 ductum,
460 402 503 467 ut
534 395 575 468 in
607 393 782 467 omnibus
808 390 928 466 causis
955 388 1187 483 ambiguum,
1212 388 1267 458 ita
1289 387 1330 457 in

255 523 324 594 hac
350 517 451 592 adeo¹
470 514 681 592 invalidum
707 525 782 604 est,
808 523 851 585 ut
867 510 933 584 ab·
949 505 1217 584 Eoclesiastie'is
1244 507 1330 579 scri-

256 637 463 741 ptoribus
451 659 493 709 ιιι
518 640 741 710 contrariam
765 645 923 733 partem.
936 631 1135 705 trahatur,
1153 628 1238 702 Hi
1233 630 1331 700 enim

158 779 161 786 '
256 760 455 855 mysteria
453 754 554 829 ideo
589 779 613 830 a
637 777 850 855 prommcuo
876 775 953 826 usu
966 764 1114 825 secreta
1128 750 1254 880 fuisse
1275 747 1332 820 af-

258 883 444 1036 firmant,
450 900 508 950 no
521 877 715 990 torpitudo
742 897 873 951 eorum
893 874 1147 1012 patesceret

724 1132 757 1232 §-
812 1127 883 1207 ιος

363 1357 759 1456 Priusquamulterius
776 1352 1069 1454 progrediamur,
1096 1353 1224 1426 omnis
1242 1373 1335 1449 quac

263 1482 438 1554 haetenus
461 1469 761 1574 'disputavimus
777 1478 835 1550 in
860 1476 1013 1550 brevem
1039 1479 1225 1548 summam
1250 1477 1336 1544 eon·

148 1598 150 1602 ’
263 1603 455 1680 feramus.¹
494 1597 821 1693 Vodgooreditum
847 1617 1035 1672 mororum
1060 1597 1169 1668 initia
1191 1616 1219 1665 a
1244 1592 1336 1665 viris

263 1718 486 1820 quibusdam
525 1718 770 1816 prudentibus
806 1717 857 1790 ed
873 1715 1182 1808 ‘eomemandam
1212 1733 1337 1786 rerum

262 1842 476 1918 diurnum
502 1840 716 1927 scientiam,
750 1839 983 1937 posterisque
1007 1835 1260 1921 tradendam,¹
1279 1854 1338 1906 sa·

261 1962 418 2036 lubriter
452 1960 665 2057 utiliterque
691 1961 893 2032 constituta
918 1981 998 2032 esse
1023 1959 1129 2055 quasi
1154 1952 1339 2053 quaedam

262 2067 468 2180 sapientise
505 2079 747 2175 receptacula.
812 2079 909 2177 Eam
942 2080 1158 2177 opinionem
1191 2059 1339 2149 elevaie

263 2202 397 2293 eonati,
420 2220 567 2287 sumus,
599 2198 737 2289 tribus,
768 2209 821 2276 ut,
836 2198 945 2274 nobis
971 2199 1149 2288 videon,
1165 2196 1340 2292 gravissi-

258 2322 334 2398 mis
367 2320 608 2414 argumentis3
642 2342 736 2409 uno,
759 2318 880 2417 'quod‘
902 2312 1062 2400 nullum
1080 2318 1267 2392 idoneum.
1285 2326 1340 2414 to

262 2452 358 2515 stem
383 2438 687 2544 habeataltero,
714 2440 860 2536 quoda
879 2440 1146 2538 consuetudine
1167 2448 1340 2513 veterum

262 2558 459 2634 abhorreat
467 2581 482 2648 ,·
500 2562 641 2649 tertio,
672 2560 781 2658 quod
810 2584 895 2636 erun
926 2560 1085 2659 publicis
1112 2561 1354 2633 Graecorum¹

261 2680 501 2775 religionibus
529 2693 696 2758 constare
722 2705 798 2757 non
815 2684 960 2781 possit,
987 2704 1173 2780 quumque
1190 2681 1340 2779 praevi-

262 2799 433 2876 deremus
467 2803 566 2891 fore,
602 2805 665 2900 qui
699 2807 919 2878 neotericam
946 2802 1153 2902 doctrinam
1179 2824 1340 2924 perpau-

178 2919 182 2923 ’
259 2906 313 2995 ‘cis
339 2933 468 2995 notam
496 2935 702 3013 excusaret,
728 2925 827 3035 hunc
851 2932 1141 3022 praetextum,
1131 2933 1173 2997 ut
1200 2946 1245 2996 ex
1271 2944 1341 2999 va·

209 3046 238 3074 '⁷
260 3062 310 3114 no
337 3042 538 3132 haustum,
568 3044 763 3138 rejecimus
766 3027 972 3140 simulque
999 3043 1248 3148 ostendimus,
1275 3067 1343 3117 ne-

261 3184 332 3257 que
364 3166 595 3238 reverentiae
630 3161 810 3252 officium,
850 3166 969 3259 neque
1015 3155 1155 3238 silentii
1192 3165 1341 3260 religio-

260 3302 366 3370 nem,
392 3304 464 3378 qua
489 3284 766 3356 Eleusiniorum
792 3284 951 3357 cultores
977 3306 1018 3356 se
1044 3283 1240 3383 obstrictos
1269 3307 1342 3383 pu-

260 3412 399 3492 tarunt,
425 3383 615 3488 doetrinae
637 3381 821 3499 ejusmodi
846 3403 958 3478 fidem
978 3379 1117 3478 afferre.
1145 3406 1221 3520 Sed
1239 3403 1342 3504 quod

259 3524 382 3619 primo
408 3523 491 3598 loeo
518 3522 700 3615 diximm,
725 3525 848 3600 nullos
882 3526 1007 3603 extare
1039 3537 1172 3667 testes,
1191 3519 1246 3598 ιιι
1280 3549 1341 3599 ae·

139 3737 142 3740 ‘
233 3728 236 3737 ⁸
261 3740 322 3795 532.
340 3744 372 3797 0.
394 3744 434 3817 μὴ
459 3749 639 3835 σεμνοτέροις
661 3746 871 3836 ἄποφοίνωμεν
882 3744 947 3807 τοὺς
963 3711 1182 3838 προςκιινοῦντας
1198 3751 1255 3809 τοῖς
1272 3746 1338 3800 δαι-

260 3819 382 3903 μονίοις,
404 3817 434 3870 οι
457 3814 601 3871 θᾶττον
584 3836 619 3870 αν
640 3820 691 3871 τοῦ
714 3821 829 3903 αἵματος
853 3815 871 3885 ἢ
896 3813 988 3887 λόγων
1011 3809 1126 3873 ἔστιν
1102 3837 1144 3874 ων
1159 3817 1339 3891 μεταδιδοῖεν

260 3889 317 3944 τοῖς
340 3881 478 3973 ἀμοητοις.
501 3888 734 3958 Peroemiogrophi
757 3893 793 3941 et·
806 3888 902 3942 suida·
926 3905 948 3940 s
973 3886 1177 3978 Σιεγανόν-
1193 3907 1283 3974 nepot
1308 3893 1339 3941 ίοι

258 3949 369 4094 ῗέῖχης
384 3952 494 4028 τρόπον,
512 3958 559 4013 int
574 3962 631 4014 τῶν
647 3964 788 4031 στεγονῶν
804 3961 851 4013 και
868 3960 1022 4026 omniur
1041 3958 1119 4013 αι
1087 3980 1142 4035 γορ
1157 3956 1265 4031 Βάκχαι
1289 3963 1338 4014 σί-
