2800 4759
455 193 727 292 oao'arcs
1052 221 1124 296 341

73 393 263 482 testimonio
289 402 433 464 mnmm
466 389 580 464 modo
615 399 779 480 onustat,
814 393 916 465 Iouis
941 393 1125 490 quendam

70 513 174 585 loeum
207 511 255 584 ab
290 534 335 596 eo
365 511 600 609 explicatum
628 531 726 582 esse.
784 511 992 609 Epigenem
1025 515 1124 589 Rho·

70 632 156 705 dium
180 634 274 704 inter
304 633 360 718 rei
393 634 558 726 agrariae
591 642 760 704 arrotores
785 635 980 707 nominant
1004 633 1123 709 Varro

30 735 31 738 ¹
71 763 101 823 et
123 747 340 842 Columella,
375 753 602 846 Byzantium
629 748 855 828 Censorinus
889 778 917 826 o.
943 754 1024 827 vla
1060 758 1123 852 qul

69 867 151 944 ndno
175 896 302 945 mense
326 883 475 969 partum
507 874 588 945 lieri
621 894 733 970 posse
764 853 933 969 negavit3
969 874 1029 947 ah
1052 874 1123 949 hoc

68 1013 128 1065 non
155 993 324 1069 diversus
356 993 508 1068 videtur
539 995 594 1083 is,
636 1016 747 1090 quem
784 994 925 1067 Plinius
952 994 1032 1068 VII.
1059 993 1120 1068 50.

30 1095 31 1120 .
68 1114 115 1185 47.
137 1116 174 1186 in
199 1105 450 1212 disputatione
480 1113 536 1185 de
555 1113 868 1188 vitaehumanae
900 1118 1023 1213 spatio
1050 1115 1119 1189 lle·

30 1293 31 1296 ,
68 1229 153 1325 roso,
185 1227 340 1308 Petosiri
366 1247 405 1308 et
429 1233 597 1332 Necepso
624 1233 809 1329 adjungit,
844 1258 1026 1333 quemque
1051 1236 1118 1311 se-

30 1309 31 1400 l
68 1378 139 1428 neca
163 1353 310 1445 Quaest
325 1355 405 1429 VlI.
430 1356 468 1430 3.
494 1354 596 1452 apud
614 1351 834 1442 Chaldaeos
848 1355 1035 1430 studuisse
1058 1380 1116 1429 re·
1187 1453 1189 1458 Ι

68 1476 137 1567 lort3
168 1476 341 1574 idemque
367 1477 563 1571 significari
584 1474 748 1551 'uidetur
779 1478 820 1550 in
846 1476 966 1550 Schol.
990 1477 1115 1574 Apoll.
1249 1484 1251 1490 ’

30 1633 31 1636 “
67 1598 115 1668 ΠΙ.
141 1598 244 1671 1378.
273 1593 477 1703 Περιγένης
503 1603 545 1676 ἐν
568 1605 647 1682 τοῖς
670 1598 903 1684 Χαλδαϊκοῖς
927 1599 1012 1700 περὶ
1035 1608 1115 1676 τῶν

67 1717 357 1818 μαθημάτων[“],
390 1740 477 1791 nam
511 1718 696 1816 Epigenes
730 1713 1001 1790 Chaldaeorum
1032 1740 1115 1790 sen-
1261 1767 1263 1772 ,

30 1849 31 1854 ’
68 1842 197 1912 tentiam
230 1839 296 1912 de.
313 1837 477 1913 comem
508 1839 623 1912 refert
654 1861 714 1935 ap.
752 1837 855 1909 Stob.
887 1838 964 1914 Ea
991 1839 1019 1910 Ι.
1052 1837 1113 1910 29.
1148 1925 1152 1938 .

30 2021 31 2032 ,
68 1956 134 2033 580.
179 1961 291 2035 Hune
322 1962 434 2056 igitur
465 1960 669 2056 Epigenem
703 1955 942 2052 Astrolugum
974 1959 1112 2054 Degai·

68 2099 136 2172 gaes
161 2084 200 2155 in
224 2082 338 2154 Mem.
363 2079 478 2155 Acad.
503 2079 618 2151 Paris.
645 2077 685 2150 Τ.
701 2076 851 2151 XLVII.
875 2078 961 2152 376.
986 2081 1111 2151 neseio

69 2201 173 2295 pibus
196 2202 345 2276 indiciis
377 2213 502 2276 mons
534 2199 583 2272 ad
608 2198 767 2294 Augusti
798 2212 971 2298 tempora
1001 2222 1113 2275 revo-

30 2359 31 2366 .
68 2333 125 2411 eat3
146 2324 334 2397 Montuola
359 2335 485 2396 autem
509 2321 608 2395 Hist
634 2320 700 2394 (les
725 2320 902 2394 Mathem.
929 2320 971 2393 T.
997 2322 1025 2392 l.
1052 2317 1112 2392 55.

68 2441 110 2514 od.
130 2468 209 2520 nov.
235 2442 451 2520 Alexandro
477 2466 554 2516 non
578 2443 699 2515 multo
724 2441 958 2529 inferiora,
990 2439 1113 2532 Bailly

68 2564 202 2640 inHist.
228 2566 380 2640 Astron.
408 2564 490 2636 Vol.
516 2564 562 2636 il.
588 2562 685 2635 Soet
712 2559 791 2633 Vll.
817 2559 851 2659 ξ.
880 2561 938 2634 13.
988 2559 1112 2633 Ptole-

30 2737 31 2770 }
67 2705 174 2758 maoo
212 2681 530 2783 Philadelpho
572 2703 773 2780 supparem
811 2682 926 2756 haine
961 2691 1115 2779 putant3,

30 2845 31 2848 =
67 2802 164 2879 ldeler
193 2811 234 2881 in
267 2799 643 2883 {intermortua
677 2802 714 2875 d.
747 2813 927 2876 ustrou.
961 2801 1112 2877 Beod-

67 2928 164 3001 orlt.
196 2932 231 3003 d.
267 2929 409 3003 Alton
440 2950 478 3027 p.
507 2923 592 2999 172.
634 2921 745 3020 negat
775 2926 860 2997 seiri
894 2945 1005 3021 posse
1038 2943 1112 3019 quo

66 3058 207 3147 tempore
232 3052 387 3140 vixerit3
426 3048 492 3121 sed
525 3046 618 3120 mihi
641 3046 831 3144 probatur
854 3042 1007 3119 Uokerti
1032 3044 1113 3142 opi·

65 3167 113 3239 uio
134 3172 172 3244 iu
196 3172 403 3268 Geopraph.
431 3169 466 3243 d.
481 3166 626 3241 Grieoh
652 3165 732 3240 und
749 3167 886 3239 lldmer
909 3167 936 3238 Ι.
963 3167 999 3239 2.
1026 3160 1112 3236 350.

30 3285 31 3288 ’
66 3285 246 3385 Epigenem
277 3315 397 3390 neque
428 3290 538 3385 longe
570 3300 656 3362 ante
681 3286 939 3361 Alexandrum
973 3285 1024 3360 Μ.
1050 3307 1113 3357 ne-
1255 3359 1265 3364 -

66 3396 127 3504 que‘
141 3392 257 3487 multo
283 3425 370 3511 post
396 3434 480 3485 eum
506 3411 655 3485 uixisse.
681 3407 727 3482 ef.
743 3407 952 3482 Schneider.
974 3405 1023 3480 ad
1049 3402 1116 3476 Vir

66 3537 143 3605 tnrv.
173 3535 238 3607 IX.
272 3537 308 3609 2.
345 3533 377 3607 l.
416 3557 454 3630 p.
491 3529 574 3605 187.
633 3527 773 3603 Verum
788 3528 871 3601 ”de
900 3529 972 3599 hoo
1011 3527 1111 3598 satis.

66 3646 308 3729 Alexandrinis
335 3651 600 3728 Grammaticis?
621 3649 866 3724 adnumerare
890 3649 977 3720 lieet
994 3645 1111 3744 Apol-

121 3824 159 3895 [l]
177 3829 261 3897 Vulgo
272 3826 457 3887 Χαλκιδικοῖς.
474 3825 528 3879 vid.
541 3815 676 3876 Sehaeler.¹
689 3822 723 3874 ad
731 3822 757 3874 h.
772 3822 789 3873 l.
802 3826 830 3873 et
841 3818 1027 3888 Wyttenhaoh.
1040 3817 1110 3871 Bibl.

67 3889 119 3943 cat.
140 3898 170 3949 P.
185 3899 231 3952 IV.
250 3900 291 3953 65.
310 3899 356 3951 Sic
373 3904 568 3981 metoposcopos
587 3894 735 3947 Chaldaeus
754 3888 906 3950 Χαλκιδεύς
922 3897 1032 3943 vocatur
1048 3889 1111 3942 Plu-

67 3964 133 4017 tarelu
156 3968 187 4019 V.
211 3970 275 4023 Sull.
294 3988 317 4023 c.
334 3969 448 4022 usta
470 3963 624 4036 Pengenem
648 3964 776 4034 quendem
799 3963 926 4020 neuma
944 3961 1060 4018 Galenus
1078 3958 1118 4012 de

30 4067 31 4078 .
68 4028 132 4088 Fue·
147 4054 172 4109 p.
190 4039 250 4095 587.
268 4040 450 4096 Meehauieum
466 4038 586 4093 Erotiau.
604 4036 669 4091 Lex.
686 4053 713 4108 p.
732 4033 775 4088 86.
906 4105 909 4115 .
969 4077 974 4096 ,
