2800 4759
98 175 134 276 ἰ
237 217 265 268 x
580 202 961 268 ,unnuunrto

238 367 285 444 P.
316 364 401 441 234.
438 365 617 438 omissum
646 375 708 438 est
739 362 859 440 Mallii
886 362 1151 438 testimonium.
1182 385 1214 438 v.
1241 361 1314 437 Ad·

244 503 353 578 dend.
405 501 445 576 P.
469 504 556 576 272.
590 501 630 578 tl.
656 500 714 575 19.
743 473 837 600 Φροει
870 500 1143 581 συνεστιᾶσθαι
1175 498 1319 576 excide·

244 654 331 716 runt
344 640 466 744 ,verba
485 638 782 742 Kattabelpavw
802 645 852 719 ἐν’
867 650 960 718 πᾶσι
978 647 1056 725 τοῖς
1076 641 1199 741 ἱεροῖς,
1225 635 1321 736 πλὴν

239 789 282 860 ¹ri'
302 811 377 859 που
403 782 531 866 αὐτοῖς
553 769 776 884 1Πὲιρσιιεῦσι
800 775 965 886 abneptis}
986 783 1087 856 ἐστιν
1107 779 1321 864 εἰσιέναι.-

127 886 132 893 ’
247 920 287 993 Ρ.
321 919 408 994 282.
442 941 479 993 v.
512 914 548 995 5.
582 939 653 1016 pro
688 919 920 993 enumeratio
945 918 970 989 l.
997 917 1230 992 enumeratis.
1283 914 1323 988 P.

249 1051 1324 1156 mwmanbmmmmmmnbma

248 1205 314 1293 τῆς
339 1194 480 1294 μητρὸς
507 1191 603 1267 addo
629 1203 698 1271 τοῦ
724 1203 869 1273 κεστοῦ.
924 1192 963 1265 Ρ.
989 1191 1075 1267 394.
1100 1215 1138 1268 v.
1169 1191 1227 1266 ll.
1252 1213 1323 1289 pro

250 1331 479 1407 solemnibus
514 1331 696 1406 maximas
729 1334 755 1404 l.
786 1334 978 1406 maximis:
1020 1332 1060 1404 Ρ.
1086 1329 1173 1406 395.
1198 1354 1236 1407 v.
1262 1331 1324 1404 22.

251 1491 325 1569 pro
346 1469 527 1568 servabili
550 1470 582 1570 l.
602 1468 839 1543 observabili.
889 1471 929 1543 P.
954 1468 1042 1543 417.
1068 1481 1145 1544 not.
1170 1494 1203 1565 g.
1230 1491 1266 1545 v.
1290 1469 1326 1544 9.

178 1575 1331 1707 'mmmmmmRffluRm

252 1745 368 1822 verba
393 1744 677 1843 Palaephati
703 1747 822 1825 Γσσαὶ
842 1745 1071 1846 Ἀρτέμιδος,
1102 1767 1207 1842 quae
1229 1756 1328 1818 reete
1352 1772 1355 1778 ’
1380 1758 1386 1766 “

252 1887 293 1957 iu
317 1896 395 1958 not.
421 1907 451 1958 o.
478 1885 674 1979 oppositae
699 1885 858 1984 paginae
883 1883 1063 1979 leguntur.
1112 1882 1152 1954 Ρ.
1177 1881 1265 1956 tou.
1290 1903 1328 1955 v,

212 2105 227 2116 .
256 2022 315 2095 12.
349 2042 418 2120 pro
438 2022 555 2094 tertii
573 2013 766 2124 'lnquarti
817 2020 855 2124 Ρ.
879 2020 969 2094 477.
983 2042 1031 2100 ,ν.
1057 2021 1120 2094 29.
1145 2041 1215 2117 pro
1242 2039 1328 2115 pos·

254 2161 304 2235 sit
328 2160 352 2232 l.
375 2159 497 2255 jussit.
555 2158 595 2231 Ρ.
622 2157 709 2234 568.
743 2182 778 2232 v.
808 2158 865 2232 10.
892 2181 961 2256 pro
989 2157 1165 2257 Orphei
1190 2202 1241 2241 -.-
1267 2155 1330 2229 la·

255 2296 408 2372 bulanu
459 2297 525 2391 leg.
568 2295 767 2394 Orphiei
808 2309 973 2398 eontra
1015 2296 1331 2395 principalem
1380 2307 1384 2316 '

256 2435 420 2509 nostri
451 2447 632 2533 partenr
673 2433 856 2532 aliquid
896 2433 1050 2508 divini
1090 2437 1137 2510 in
1170 2436 1330 2525 se·ba·

211 2661 213 2670 .
256 2572 365 2646 bere
391 2565 659 2647 statuentes
683 2575 817 2648 illam
843 2573 1093 2648 inficetam
1119 2618 1171 2630 -
1198 2570 1330 2648 Cetera

256 2713 419 2791 ὄπισθεν
459 2712 695 2816 ἀρεσσόμεθ’.
763 2711 826 2788 Ad
866 2723 1091 2801 extremum,
1126 2715 1214 2810 quia
1246 2735 1330 2786 eam

259 2837 408 2926 causam
445 2853 614 2949 artocopi,
660 2873 756 2948 quae
792 2851 966 2925 maximis
1000 2854 1164 2949 partium
1182 2849 1332 2925 studiis

257 2989 437 3083 agitatum
475 2989 517 3063 id
559 3011 704 3087 quoque
738 2987 898 3083 adjicere
932 3012 1059 3084 cogor,
1093 2989 1193 3087 quod
1224 3011 1332 3087 prae-

244 3128 369 3212 terire
395 3126 556 3216 mallem,
575 3127 616 3202 si
635 3124 731 3224 ⁴quid
755 3148 830 3198 non
855 3126 1049 3202 refellendi
1074 3125 1333 3201 setllaedendi

260 3284 388 3353 eausa,
420 3275 463 3337 ut
494 3262 701 3363 quondam,
735 3263 915 3339 adversus
946 3288 1010 3338 me
1043 3266 1182 3343 dietum
1208 3267 1332 3363 fuerit,

257 3399 496 3500 repellendae
533 3404 693 3499 injuriae
733 3414 810 3478 tam
851 3414 1042 3502 promtum
1083 3417 1122 3479 et
1159 3417 1332 3502 paratum

174 3523 176 3534 ¹
259 3561 323 3618 me
347 3539 428 3612 fore
452 3559 565 3638 quam
589 3561 672 3615 sum
700 3540 748 3615 ab
775 3564 898 3616 errore
924 3542 1157 3622 defendendo
1179 3544 1333 3617 alienus.

262 3674 402 3774 Scripsi
427 3677 651 3774 Regimontii
669 3675 851 3760 Calendis
876 3678 995 3755 Juliis.
