2800 4759
273 221 324 298 m
624 235 766 291 uranu
792 232 977 290 ruimus

273 402 346 475 so
370 396 446 473 am
474 436 524 455 .-
548 370 734 470 n'uvn.
763 395 846 470 me.
866 392 996 491 nepe
1019 390 1090 462 hoc
1120 387 1180 460 m
1203 395 1326 483 mom

272 516 360 593 feeit
390 514 458 589 sed
481 514 559 588 fere
585 517 755 593 omnibus
778 517 869 589 locis
894 512 1009 589 verba
1032 506 1328 583 adintelleotmn

272 637 476 711 sententiae
504 640 713 711 necessaria
742 637 916 723 resecuit,
949 633 1070 706 aliena
1096 639 1133 701 et
1155 638 1328 724 supersua-

272 778 386 830 esnea
417 755 594 847 addidit,'
616 759 722 857 quasi
751 780 799 830 ex
827 756 920 854 ipsis
946 748 1102 825 eraeulis
1126 746 1330 845 deprqu

197 944 199 947 .
272 887 310 949 et
339 897 459 972 neque
491 878 698 967 mendosis,
730 900 825 975 quae
855 873 1105 957 multassent,
1139 868 1329 940 eomeetio·

270 1018 356 1069 rrsm
396 996 584 1088 adhibuit,
625 1020 743 1095 neque
784 994 948 1069 obscuris
979 987 1331 1087 interpretationem,

269 1117 749 1195 nisiillavauinianamz
788 1112 893 1209 Quae
917 1113 982 1187 ille
1008 1110 1134 1185 omnia
1157 1109 1239 1183 siue
1265 1104 1332 1179 du·

269 1234 333 1309 hie
358 1236 457 1310 lema
480 1235 591 1310 dueet
616 1246 660 1308 et
676 1232 899 1330 ignoseenda
916 1228 1135 1305 mnitibus
1157 1230 1199 1301 iu
1227 1226 1335 1300 altis·

255 1377 354 1427 ‘rum
386 1374 509 1428 rerum
541 1357 762 1450 mgitatione
793 1353 923 1429 defixis
953 1355 1085 1450 (very
1110 1345 1331 1448 partiens.

271 1474 346 1547 bie
384 1477 432 1546 in
456 1496 572 1547 amen
612 1474 716 1546 who
760 1497 838 1546 are
875 1476 933 1569 in
963 1471 1148 1569 pureuit
1175 1468 1230 1540 oi
1256 1467 1335 1539 the

270 1606 390 1669 most
413 1585 676 1691 important
701 1592 853 1666 truths
875 1590 917 1663 T.
942 1589 1045 1665 XXI.
1070 1589 1169 1683 117.)
1196 1587 1336 1665 veum

271 1716 471 1802 enimvero,
496 1735 520 1784 e
539 1712 650 1785 boui!
675 1714 723 1789 τὰ
749 1711 863 1814 μικρὰ
885 1716 1069 1810 petierim
1084 1710 1155 1809 πρὸ
1172 1717 1251 1786 τῶν
1266 1734 1336 1809 με-

269 1834 408 1941 γάλων,
434 1835 502 1907 sie
525 1834 722 1925 mystica
746 1831 820 1905 lex
845 1841 927 1920 est,
953 1853 1072 1927 neque
1095 1850 1227 1924 magna
1247 1850 1338 1925 poo-

268 1955 386 2029 fessos
410 1975 528 2050 parva
544 1961 583 2024 et
598 1953 755 2049 puerilia
772 1953 912 2024 neeeire
929 1951 1043 2027 deeet.

369 2073 514 2144 Vellem
531 2070 703 2167 equidem
728 2073 797 2145 imo
821 2084 928 2170 parte
941 2069 1216 2166 disputationis,
1235 2069 1338 2164 'qma

268 2196 309 2266 in
340 2191 499 2264 alierum
529 2192 812 2288 reprehensione
844 2202 1036 2265 eemumta
1059 2201 1135 2280 eet,
1165 2174 1340 2286 superse·

270 2310 358 2385 dere
381 2311 597 2410 potuissem.
648 2311 723 2387 Sed
749 2314 915 2410 quaestio
941 2314 1043 2408 ipsa,
1076 2315 1117 2384 in
1142 2330 1252 2407 quam
1278 2309 1341 2380 in·

268 2433 383 2528 gressi
407 2453 547 2519 sumus,
571 2443 706 2505 natura
727 2454 796 2505 sua
821 2454 905 2506 eum
932 2454 978 2504 oa
1003 2453 1113 2505 cama
1141 2430 1343 2524 conjuncta

269 2563 343 2656 est,
374 2554 477 2646 errjrrs
508 2551 566 2624 ilii
588 2555 842 2649 patmoinium
874 2562 1122 2650 suseeperuut
1184 2550 1342 2623 Etenim

267 2670 316 2744 de
340 2673 600 2766 mysteriorum
626 2694 757 2767 genere
781 2674 991 2771 quaerimus
1018 2695 1064 2744 eo
1088 2669 1188 2768 (prod
1209 2692 1234 2742 a
1252 2669 1345 2742 Pla-

267 2794 415 2864 tonistis
447 2794 723 2881 auctoritatem,
756 2817 781 2866 a
813 2790 1007 2867 Chaldaeis
1037 2793 1199 2887 speeiem
1226 2787 1346 2865 disei-

180 2940 182 2945 ’
266 2911 391 3009 plinae
425 2915 581 3010 aceepit,
615 2932 774 3011 querum
799 2912 885 2985 illos
909 2912 1119 2985 Platonicae
1143 2909 1348 2983 doetrinae

266 3032 485 3130 interpretes
509 3033 814 3129 perfectissimos,
839 3031 907 3103 hoa
931 3035 1050 3129 ipsius
1075 3030 1241 3103 Platonis
1268 3026 1348 3101 do·

267 3162 386 3254 etores
425 3152 539 3224 fuisse
580 3152 781 3246 Taylorus‚
819 3138 970 3247 ejueqne
1007 3161 1205 3224 sectatores
1238 3147 1350 3222 affir-

267 3280 381 3341 mant.
428 3268 566 3344 Contra
591 3294 683 3369 quos
708 3293 784 3344 non
810 3269 893 3367 plus
920 3268 1039 3342 dieam
1065 3293 1176 3369 quem
1197 3268 1251 3343 ad
1279 3270 1346 3341 in-

267 3391 435 3463 stitutum
466 3393 635 3487 pertinet.
696 3391 752 3475 Ae
783 3393 947 3490 primum
972 3411 1043 3487 pre
1069 3411 1240 3464 concesso
1268 3410 1353 3463 va-

265 3510 358 3598 leat,
391 3513 569 3602 mysteria
592 3512 683 3599 ista,
713 3535 871 3609 querum
896 3512 1037 3584 mentio
1064 3521 1120 3582 est
1144 3512 1182 3583 in
1208 3509 1355 3584 Plato-

260 3631 430 3707 nicorum
455 3632 612 3728 seriptis,
637 3633 817 3729 privatim
843 3630 1024 3705 eelebrata
1049 3651 1131 3702 esse
1150 3632 1248 3702 etin
1270 3651 1355 3702 an-

264 3749 368 3846 guiis.
434 3749 548 3846 CuJ‘us
587 3755 729 3847 generis
762 3774 865 3826 saera
896 3761 984 3847 post
1015 3750 1164 3848 imperii
1194 3748 1358 3827 Persici

265 3892 432 3942 oeoasum
467 3881 503 3942 et
535 3870 651 3944 multo
683 3875 801 3967 magis
833 3869 901 3943 sub
932 3870 1183 3942 Romanorum
1210 3865 1356 3942 demi-

265 4001 352 4064 natu
383 3991 423 4061 iu
455 3988 534 4063 dies
558 3992 667 4088 plura
690 3994 877 4066 insinuata
901 4001 1005 4077 sunt,
1037 3985 1250 4073 auctoribus
1282 3985 1357 4061 di-
