2800 4759
278 223 330 298 ss
628 206 771 290 urere
795 234 984 289 seruus:
1027 306 1031 311 st
1139 308 1141 311 ι

277 393 621 492 superstitiosorum
648 392 867 491 cupiditates
893 394 1047 493 explere
1071 407 1214 492 posset,
1246 418 1336 494 pro-

275 516 374 591 fessa
406 538 449 589 ac
478 514 652 612 pollicita
710 513 772 588 Ad
804 537 914 612 quam
943 517 978 588 si
1002 517 1227 613 populuset
1249 514 1338 591 ‘vul-

150 668 152 681 ·
275 636 629 733 gusimperitorum
660 656 741 707 sese
764 633 955 725 dedisset,
989 638 1024 709 si
1047 638 1174 732 pauci,
1207 637 1242 708 si
1265 638 1339 728 illi,

274 779 368 856 quos
393 755 536 829 Enrritu
560 753 764 828 detestatur
880 795 881 798 κ
1015 752 1016 759 '

358 880 418 938 Aut
436 879 543 935 inertes
565 886 617 936 aut
637 878 733 936 insani
754 888 805 937 aut
825 879 926 956 quilurs
949 888 1064 960 egestas
1084 879 1216 956 imperat,

272 996 365 1080 nihil
401 1017 491 1068 sane
521 996 595 1069 nisi
625 976 855 1070 communem
885 996 1056 1070 indoctae
1089 994 1332 1071 semidoctae

116 1186 118 1193 Α
273 1139 344 1215 que
371 1114 617 1193 mtdtitudiuis
637 1128 776 1189 sortem
796 1124 1106 1214 conquererentur.
1157 1115 1244 1206 Sed,
1262 1139 1336 1213 pu·

272 1235 434 1311 dandum
468 1234 593 1324 dictu,
635 1235 877 1333 philosophos
914 1237 1070 1332 legimus
1107 1259 1224 1334 noque
1266 1257 1339 1308 eos

272 1355 452 1454 ignobiles
491 1367 529 1427 et
554 1356 660 1428 satis
699 1366 911 1450 arrogantes
951 1357 1060 1451 buJ‘us
1091 1354 1336 1453 turpitudinis

270 1499 346 1551 non
377 1475 576 1575 participes
608 1472 675 1547 sed
708 1473 818 1548 duces
850 1488 889 1548 et
913 1476 1105 1571 signiferos
1130 1476 1261 1565 luisse,
1278 1475 1336 1547 ,il

188 1664 190 1673 ,
269 1597 334 1671 los·
358 1599 462 1695 ipsos
492 1594 766 1669 Platonicorum
792 1596 1037 1693 coryphaeos,
1073 1594 1334 1693 Porphyrium,

269 1714 545 1806 lamblichum,
565 1715 779 1806 Proculum,
812 1729 976 1799 caeteros
1008 1716 1117 1810 hujus
1144 1718 1243 1816 ἱερᾶς
1266 1746 1335 1818 yon

178 1897 180 1903 ,
268 1848 374 1927 νεᾶς,
400 1835 677 1936 quibusterrae
701 1838 825 1911 motus
848 1846 1080 1934 compescere
1104 1834 1213 1908 ludus
1237 1838 1334 1924 crat,

163 1944 170 1958 ’
267 1957 404 2031 imbres
430 1957 560 2030 elicere
574 1959 697 2053 jocus,
723 1967 899 2055 tantaque
919 1977 1003 2031 cum
1023 1954 1164 2032 divinis
1177 1956 1334 2046 iratrrris,

132 2108 135 2113 >
267 2076 457 2167 heroibus,
490 2079 623 2173 geniis,
656 2079 811 2173 angelis,
837 2079 1071 2173 archangelis·
1086 2077 1333 2188 familiariter,

143 2188 164 2273 ,'
266 2207 442 2294 utquam
467 2199 620 2296 quisque
645 2221 774 2272 eorum
798 2198 1066 2272 inHierarclria
1089 2197 1239 2275 coelesti
1263 2195 1344 2289 obe,

265 2318 399 2390 tineret
429 2318 570 2419 locum,
603 2320 725 2416 primo
758 2317 934 2417 adspectu
958 2327 1206 2415 agnoscerent
1254 2317 1331 2389 lta·

265 2460 347 2536 que⁴
361 2436 409 2511 de
432 2438 491 2512 his
516 2441 683 2513 omniurn
709 2440 990 2535 intelligentium
1015 2462 1090 2513 una
1107 2461 1254 2536 semper
1272 2449 1333 2510 at-
1391 2424 1392 2427 ¹

265 2580 336 2656 que
362 2557 492 2635 eadem
511 2559 583 2633 fuit
600 2562 795 2651 sententia,
819 2560 1011 2658 solumque
1028 2561 1099 2633 hoc
1118 2557 1331 2654 ambigitur,

264 2678 517 2776 improbiusne
546 2682 692 2754 mentiti
723 2705 772 2754 an
803 2662 970 2780 putidius
1001 2680 1256 2778 philosophati·
1279 2700 1332 2751 an

262 2799 599 2899 ineptiusHomeri
622 2801 859 2905 Platonisque
882 2802 1081 2896 sententias
1096 2801 1332 2898 interpretati

261 2919 398 2995 fuerint
429 2920 618 2994 Platonici.
678 2920 755 2995 Sed
779 2921 827 2993 de
851 2921 1051 2995 mendaciis
1078 2943 1204 2994 eorum
1230 2918 1332 2992 infra
1380 2917 1384 2927 '

174 3138 179 3146 Ι
219 3030 221 3035 ’
263 3039 420 3133 dicetur3
447 3039 493 3114 de
519 3043 648 3114 ceteris
672 3039 872 3116 virtutibus
897 3041 1140 3115 Ruhnkenius
1164 3041 1330 3116 breviter

262 3158 517 3258 distincteque,
549 3159 649 3259 quod
678 3183 738 3234 res
764 3160 892 3252 babet,
917 3163 1185 3260 pronunciavit
1220 3161 1330 3251 „Etsi

251 3268 490 3375 ,Longinum
521 3282 657 3378 inquit,
688 3280 951 3375 Ammonium,
985 3282 1197 3380 Origencrn,
1230 3282 1328 3358 Arn-

262 3402 473 3497 „moniique
500 3397 722 3499 discipulum
747 3403 944 3497 Plotinum,
969 3405 1052 3479 aliis
1078 3406 1208 3479 aetatis
1234 3424 1327 3475 suae

261 3521 515 3620 „philosophis
546 3523 790 3615 anteferebat,
822 3547 898 3598 non
931 3538 1055 3599 tamen
1087 3524 1221 3598 idcirco
1248 3525 1327 3625 exi-

248 3639 509 3728 *‚,strlnandurn
541 3654 613 3734 cst,
653 3635 942 3744 philosophandi
972 3649 1170 3734 rationem,
1211 3665 1324 3741 quam

260 3760 339 3850 „illi
351 3775 617 3859 sequerentur,
642 3768 710 3863 per
736 3768 863 3853 omnia
887 3766 1133 3865 probasse-
1152 3809 1203 3823 -
1222 3764 1323 3837 Lon-

119 3932 121 3937 ,
258 3881 407 3975 „gisum
430 3884 574 3979 ignoret
598 3898 763 3987 oportet,
781 3889 852 3984 ,qui
876 3887 943 3959 tali
965 3888 1111 3984 ingenio
1136 3884 1324 3984 placuisse

259 4000 406 4092 „credet
434 4001 564 4079 duram
596 4018 634 4079 et
666 4016 871 4080 contortam
895 4007 1219 4107 philosophorum,
1256 4005 1323 4101 qui
