2800 4759
272 216 352 291 488
598 179 1049 284 11111111111ου1111111.Ι

241 438 246 454 .
276 391 439 485 ignorat,
481 383 531 458 de
562 381 625 458 die
660 385 777 459 natali
809 395 914 459 tanet.
972 384 1150 459 Romanis
1186 381 1342 482 qtn'dom,

276 512 341 608 qoi
365 506 412 579 de
429 506 653 580 'coelestium
680 516 766 579 orto
790 517 837 578 et
860 489 1037 603 progenie
1060 506 1155 580 nihil
1181 528 1207 578 a
1227 505 1342 599 majo·

276 629 380 702 ribus
405 626 584 701 traditum
605 624 803 714 habebant,
829 624 1014 699 familiare
1027 627 1111 716 fuit,
1137 625 1252 716 diem,
1278 647 1343 722 quo

273 750 458 846 templum
490 746 682 845 eojrrsdam
719 746 874 826 deorum
902 745 1115 820 dedicatum
1149 759 1248 835 erat,
1285 768 1343 819 na·

275 870 388 943 talem
421 869 501 966 ejus
535 869 656 944 dicere
693 880 732 939 et
764 870 1021 942 anniversaria
1054 867 1240 940 celebrare
1274 889 1343 938 me·

124 1049 127 1062 .
276 992 407 1064 moria.
446 988 661 1064 Lactantius
687 990 831 1061 lnsott.
847 985 910 1061 VI.
937 991 997 1063 20.
1024 988 1111 1061 821.
1137 987 1343 1062 ludorum

277 1110 628 1185 celebrationes
654 1108 845 1185 deorum
872 1109 997 1182 festa
1023 1120 1151 1198 sunt,
1182 1112 1226 1181 si
1253 1110 1343 1206 qoi-

44 1239 50 1244 '
142 1323 144 1326 ,
219 1239 226 1255 ’
278 1230 377 1304 dem
422 1229 477 1303 ob
521 1229 707 1303 natales
745 1252 906 1301 eorum
946 1239 1028 1303 aut
1065 1229 1343 1326 templorum

276 1373 503 1425 novorum
538 1349 867 1426 dedicationes
901 1362 1010 1423 sont
1048 1350 1343 1423 constitutae

277 1471 411 1544 Festus
436 1493 473 1568 p.
500 1471 587 1543 228.
623 1469 827 1544 Martias
853 1467 1089 1544 Calendas
1113 1479 1343 1542 matronae

273 1590 608 1680 celebrabant,
648 1589 768 1687 quod
803 1613 855 1664 eo
893 1590 968 1663 dio
993 1586 1342 1682 lunonisLuei.

277 1733 364 1785 nae
390 1710 486 1786 coli
513 1722 682 1809 coepta
709 1715 781 1784 sit.
832 1711 945 1786 Idem.
970 1734 1007 1808 p.
1033 1709 1120 1784 459.
1156 1711 1342 1782 Rustica

278 1831 473 1906 Vinalia
498 1830 761 1920 faciebant,
800 1831 922 1929 quod
949 1854 1002 1904 eo
1029 1829 1105 1904 dio
1138 1831 1277 1903 aedes
1306 1830 1342 1901 ei

278 1951 506 2027 dedicata
531 1963 618 2042 est3
644 1951 817 2057 idemque
831 1950 1339 2043 dePortumnalibos‚Martiis

278 2071 434 2169 aliisque
469 2071 604 2146 dicitur
636 2072 874 2146 solemnibus.
910 2095 947 2147 v.
982 2073 1058 2146 Dio
1086 2070 1195 2148 Cass..
1213 2071 1286 2145 LX.
1309 2066 1339 2140 5.

278 2190 398 2264 Varro
425 2189 460 2264 d.
485 2192 528 2264 L.
552 2192 596 2264 L.
622 2190 666 2265 V.
701 2193 736 2264 3.
762 2191 824 2268 47.
857 2192 942 2268 dies
964 2205 1109 2283 autem,
1141 2216 1215 2291 quo
1243 2190 1340 2266 aeder

276 2309 467 2401 dedicata,
501 2299 563 2385 dei
595 2312 790 2386 incolentis
816 2314 953 2388 natalis
978 2313 1125 2390 habitus
1151 2327 1191 2387 et
1216 2316 1255 2386 in
1278 2312 1340 2385 Fa·

277 2443 355 2505 stoa
381 2432 520 2505 relatos
546 2445 613 2506 est.
639 2456 675 2507 v.
693 2430 805 2507 ovtd.
821 2432 865 2505 F.
883 2434 946 2505 ΠΙ.
974 2434 1061 2506 811.
1078 2435 1165 2507 887.
1194 2432 1340 2507 Tomeb.

278 2550 377 2648 Adv.
409 2553 456 2626 ll.
492 2552 550 2626 17.
601 2553 750 2627 Selden.
784 2551 832 2626 de
866 2552 1022 2646 Synedr.
1049 2556 1112 2627 llI.
1149 2555 1208 2630 14.
1244 2553 1339 2648 1786.

278 2673 479 2746 Burmann.
506 2671 556 2746 ad
580 2672 732 2746 Antbol.
746 2672 790 2745 V.
816 2673 888 2772 Ep.
904 2674 965 2747 79.
1016 2676 1061 2747 ln
1079 2676 1237 2750 Graecia
1260 2695 1338 2749 vero

279 2793 433 2889 antiqua
464 2792 608 2866 nullom
643 2792 753 2887 hujus
788 2791 1100 2868 denominationis
1133 2798 1340 2895 exemplum

279 2916 477 3004 succurrit,
511 2909 585 2987 nisi
610 2911 660 2986 ad
687 2911 925 2989 Comioorum
951 2914 1131 3013 quasdam
1156 2930 1341 3015 poetarum

278 3033 425 3111 fabulas
458 3055 663 3130 provocare
697 3033 830 3123 libeat,
864 3036 990 3132 quales
1024 3050 1110 3110 sont
1136 3035 1341 3136 Pelaepbad

278 3154 400 3231 Γοναὶ
420 3154 648 3254 Ἀρτέμιδος,
680 3154 882 3252 Hermippi
905 3158 1068 3253 Ἀθηνᾶς
1093 3160 1224 3263 yorar',
1260 3159 1341 3232 Am·

280 3274 373 3345 rotis
400 3274 533 3358 Πανὸς
557 3274 687 3379 γοναί,
724 3296 797 3371 quo
832 3276 942 3348 titulo
977 3280 1089 3350 etiam
1116 3279 1266 3352 Philisci
1295 3277 1342 3349 sa·

281 3391 369 3466 bula
395 3393 485 3482 fuit,
512 3406 591 3466 tum
619 3393 695 3466 duo
721 3394 889 3486 Polyzeli
911 3395 1097 3487 dramata,
1123 3421 1239 3474 unum
1265 3404 1343 3473 Διο-

281 3511 400 3591 νύσου
425 3513 555 3619 γοναί,
582 3513 741 3587 alterum
768 3524 962 3606 Μουσῶν,
997 3518 1152 3592 Philisci.
1174 3519 1343 3596 {inette

283 3663 349 3719 νος
373 3635 437 3711 καὶ
458 3633 668 3736 Ἀρτέμιδος
692 3636 817 3739 γοναί,
854 3635 1033 3730 ejusdem
1048 3650 1086 3711 et
1110 3638 1345 3739 Nicoplrontis

280 3752 497 3855 Ἀφροδίτης
521 3755 651 3858 γοναί,
685 3753 903 3855 Timasitbei
925 3760 1051 3855 Ζηνὸς
1083 3763 1206 3863 γοναί.
1258 3759 1344 3833 Her·

283 3874 404 3970 mippi
440 3874 590 3971 quidem
626 3875 775 3984 fabulae
809 3874 1016 3951 Heerenius
1054 3879 1102 3952 ad
1125 3879 1243 3954 »stab
1274 3876 1342 3950 Ecl.

284 3990 326 4063 T.
351 3993 379 4065 1.
406 3994 491 4067 239.
541 3994 735 4070 Minervae
761 4010 901 4086 ortum,
937 4020 1047 4094 quem
1073 4011 1209 4096 poetae
1240 3995 1341 4070 tradi·
