2800 4759
468 234 752 292 carasca
839 244 848 264 ,
983 257 1003 266 -
1075 219 1155 297 m
1269 265 1272 276 ·

77 396 190 486 dicit,
224 395 306 493 quis
324 394 471 474 mendi
503 388 657 489 dinque
685 391 821 491 eurique
847 391 1003 469 &orum
1028 413 1155 471 oense·

76 530 202 593 cratus
228 527 267 590 ct
291 527 365 614 quo
401 503 464 587 dic
492 509 828 614 unumquenque
861 515 1011 589 fortuna
1035 515 1155 591 homi·

75 662 145 714 nes
170 645 411 712 nascerentur
436 679 487 691 -
519 630 583 710 καὶ
614 629 780 713 τούτοισι
810 644 890 715 τῶν
910 625 1094 735 Ἑλλήνων
1119 642 1156 718 oi

76 765 118 840 ἐν
150 758 294 858 ποιήσει
316 752 522 866 ,γενόμενοι
554 741 771 857 ἐχρήσαντο.
822 756 868 832 ld
894 760 958 858 qui
990 758 1155 853 facerint,

76 881 220 980 frustra
252 891 513 980 percontamur
552 876 785 978 interpretes.
844 876 1035 954 Hesiodus
1075 882 1156 978 qui·

76 1001 166 1076 dem
201 1001 311 1075 docet
343 998 477 1098 quibus
511 994 643 1072 diebus
675 998 802 1096 pueri,
840 997 973 1100 quibus
1008 1001 1157 1102 paellae

76 1124 273 1223 auspicato
289 1131 498 1195 nascantur
525 1129 562 1192 et
588 1117 749 1210 nubant,
775 1119 843 1193 sed
868 1130 950 1195 tota
975 1117 1056 1219 eJ'us
1082 1120 1157 1196 dis·

12 1329 15 1336 y
76 1246 232 1343 putatio
259 1241 307 1315 ab
332 1237 606 1337 Aegyptiorum
632 1239 840 1317 subtilitate
860 1241 1076 1338 longissime
1101 1267 1157 1338 re
1187 1259 1189 1264 ’

76 1375 185 1442 mota
211 1375 279 1457 est,
305 1364 380 1460 qui,
406 1361 440 1434 si
466 1362 619 1434 omnino
647 1363 887 1460 astrologicae
912 1365 1076 1438 rationes
1101 1387 1158 1438 se·

51 1477 188 1583 'quoti
213 1494 310 1574 stunt,
337 1482 417 1558 sine
442 1479 556 1556 dubio
584 1489 666 1574 non]
682 1486 849 1558 omnium
869 1485 1055 1559 mensium
1077 1483 1157 1559 dies

77 1601 233 1679 eosdem
259 1615 393 1678 natura
406 1605 527 1701 'pares
553 1612 780 1692 statuerunt,
806 1608 861 1679 sic
889 1606 1022 1705 utqui
1046 1608 1158 1680 unius

77 1727 220 1801 mensis
254 1735 383 1798 nosset
414 1721 494 1798 dies
519 1713 672 1814 fatales,
708 1738 836 1800 nosset
863 1727 1052 1817 omnium,
1091 1719 1159 1799 scd

77 1849 197 1921 totius
230 1847 319 1924 anni
351 1856 390 1920 et
421 1844 580 1919 fortasse
614 1845 729 1921 totius
756 1845 1051 1920 dodecaeteridis
1084 1825 1167 1920 sin·'

79 1970 166 2068 gula
199 1979 390 2042 momenta
429 1976 469 2039 et
499 1988 718 2066 progressus
758 1965 912 2041 diurnos
944 1968 1158 2041 minutatim

82 2091 237 2165 scrutati
275 2099 362 2163 sunt
376 2090 392 2184 [
405 2089 432 2184 ].
496 2087 625 2185 ltaque
663 2086 791 2162 licebit
828 2088 1078 2186 suspicionem
1119 2089 1160 2164 in

81 2223 214 2310 poetas
240 2207 441 2284 transferre
468 2206 651 2307 Orphicae
685 2222 722 2282 et
747 2208 1013 2308 Pythagoricae
1038 2222 1161 2283 sectae

82 2329 288 2420 addictos‚‘
313 2352 405 2432 quos
444 2329 484 2401 in
520 2329 592 2403 hoc
624 2353 772 2429 quoque
806 2329 996 2404 doctrinae
1029 2353 1161 2427 genere

81 2451 232 2526 decreta
264 2450 538 2552 Aegyptiorum
572 2451 780 2524 aemulatos
814 2474 914 2542 esse,
958 2445 1162 2525 admodum

83 2569 262 2647 credibile
287 2583 353 2644 est.
392 2571 522 2672 anue
549 2571 725 2667 cogitatio
752 2573 920 2648 animum
946 2567 995 2645 ad
1023 2570 1162 2669 Orphei

83 2695 308 2768 sententiam
334 2692 463 2791 paullo
490 2703 576 2765 ante
601 2693 836 2790 propositam
861 2703 1026 2768 revocat

189 2904 229 2960 εἴς
245 2915 273 2953 τε
291 2893 470 2965 δικαιοσύνην
486 2900 597 2965 θνητῶν
613 2900 694 2969 γένος
711 2892 808 2969 ἤγαγε,
827 2895 918 2959 δείξας

147 2987 150 2994 ’
190 2968 274 3044 ὅρκον
290 2972 337 3023 καὶ
353 2972 454 3030 θυσίας
471 2966 567 3041 ἱλαρὰς
584 2971 632 3022 acl
649 2963 761 3040 σχήματ’
779 2964 920 3040 Ὀλύμπου

84 3057 153 3143 (rid.
166 3058 256 3110 Vossii
267 3056 446 3144 appulus.
463 3056 549 3143 lillllr
564 3055 639 3125 801.)
653 3043 790 3144 ‘Irrupidi
807 3052 824 3123 ἡ
842 3051 966 3145 dpyrirnp
983 3052 1075 3123 αὐτοῦ,
1094 3068 1171 3139 συιν-ἱ

85 3126 566 3269 grappppumppmdipixzqsssdcim
588 3124 674 3181 αὑτὸν
696 3144 746 3195 την
771 3141 893 3199 monstro
915 3131 1038 3199 θεωρίαν
1053 3125 1163 3196 (Eunp.

191 3282 208 3352 ἢ
227 3285 322 3360 πρῶτα
339 3286 394 3361 μὲν
408 3283 442 3340 τὰ
458 3289 523 3340 daia
541 3280 784 3359 προύμαντεῦσιπο

189 3363 342 3429 χρησμοῖσι
360 3361 481 3428 uomicas
500 3355 620 3429 ἀστέρων
637 3358 808 3417 irremissis.

87 3443 185 3498 heolus
211 3446 293 3512 enim,
319 3452 349 3499 ut
374 3446 505 3500 acutiores
528 3445 751 3515 interpretantur,
776 3448 946 3515 tempestate
964 3427 1177 3512 correxisset?

87 3516 219 3587 praedixit
243 3516 419 3572 tantummodo
437 3545 480 3568 -.
514 3514 689 3584 lurisjorandi
711 3515 880 3584 religionem,
910 3529 987 3585 quam
1010 3513 1166 3578 Titauoma·

89 3586 164 3640 chiae
188 3595 282 3642 auctor
305 3588 447 3642 Chironem
470 3588 587 3641 sanxisse
604 3589 705 3649 refert,
722 3588 833 3640 Hermes
851 3603 955 3672 quoque
972 3585 1046 3639 Stob.
1064 3582 1164 3636 Echl.

89 3655 134 3712 52.
165 3655 209 3710 40.
234 3675 260 3729 p.
284 3657 345 3712 978.
374 3658 443 3712 inter
466 3658 552 3729 prima
573 3657 646 3711 vitae
670 3657 829 3712 excolendae
854 3656 1009 3711 adminicula
1032 3662 1166 3722 numerate

10 3765 11 3770 =
89 3728 274 3781 bacchationes
298 3734 326 3782 et
348 3728 443 3783 teletae
467 3746 485 3782 a
511 3727 626 3784 Chirone
652 3727 777 3782 Liberum
801 3728 958 3783 addidicisse
975 3727 1058 3783 tradit
1074 3725 1166 3780 Ptole·

10 3805 11 3812 ’
92 3814 179 3852 macus
197 3799 284 3870 Heph.
301 3799 347 3853 lv.
366 3797 409 3853 66.

163 3904 203 3975 [⁰]
221 3904 307 3970 Deos,
329 3905 363 3958 de
387 3905 483 3974 quibus
503 3905 654 3959 Herodotus
679 3876 807 3972 lotpuitur,⁴
831 3903 951 3972 planetas
968 3919 1025 3955 esse
1043 3921 1059 3955 e
1075 3901 1166 3954 verbis

92 3975 267 4105 panstadel&
282 3976 489 4101 ‘Effigiibr'lv‘
507 3976 643 4030 Massiena
660 3976 693 4029 de
712 3975 798 4028 Hebd.
817 3973 915 4028 Gentil.
933 3992 959 4044 p.
978 3973 1037 4027 148.
1056 3975 1083 4026 in
1102 3971 1165 4025 011ω
