2800 4759
400 242 761 335 ἱκικυεικυ.
923 280 929 295 .
1052 227 1124 305 12⁵

19 358 20 383 i
78 404 190 504 „queit
219 425 297 478 aux
320 402 446 477 inities
472 390 711 478 des'notions
731 404 849 497 J'nstes
875 422 939 474 sur
963 404 1002 477 ia
1026 403 1123 480 divi.

77 526 184 617 „nite
211 525 252 598 Τ.
279 527 307 598 Ι.
332 525 420 598 422.
471 524 556 598 Hoc
580 527 614 599 si
640 524 878 610 concesseris,
904 545 1015 598 cause
1038 550 1123 625 per-

76 646 143 720 dite
156 648 241 737 erit3
266 666 387 743 neque
402 645 553 719 concedi
568 645 625 719 fas
640 656 706 719 est.
732 641 917 743 Equidem
936 667 982 718 ex
995 649 1123 722 multis

19 826 20 841 2
73 748 288 865 multumque
313 769 409 839 inter
422 789 462 841 se
477 766 635 842 diversis
648 767 781 855 teletis,
806 763 977 863 privetis,
1002 766 1124 866 publi·

19 962 20 965 ,
73 890 133 977 cis,
163 887 391 976 domesticu,
422 889 641 986 peregrinis,
673 910 750 961 non
774 910 950 985 quaeram
974 910 1125 986 scrupu-

70 1008 190 1097 losius,
223 1029 272 1080 an
306 1004 536 1106 Chrysippus
567 1032 684 1082 unum
718 1012 858 1085 certum
890 1033 1003 1107 genus
1029 1009 1126 1084 desi-

69 1130 227 1222 gnaverit
252 1139 291 1200 et
314 1126 519 1225 quodnam3
545 1151 736 1204 sumamus
761 1131 847 1204 lieet
872 1131 919 1205 de
940 1132 1125 1206 universis

69 1249 184 1323 valere
222 1271 316 1346 quoe
356 1247 464 1339 dicit,
495 1261 533 1324 et
566 1253 804 1349 potissimum
836 1250 883 1325 de
914 1252 1125 1326 Eleusiniis.

68 1368 183 1441 Nihilo
224 1371 341 1442 secius
373 1369 423 1443 ad
455 1369 643 1445 doctrinae
676 1371 867 1469 cujusdam
899 1358 1126 1461 sublimioris

69 1492 332 1588 perceptionem
357 1491 451 1564 nihil
475 1492 560 1566 hinc
582 1495 783 1591 proiicimr.
811 1492 1040 1594 Chrysippus
1055 1493 1126 1568 hoc

70 1608 166 1684 dicit:
198 1632 312 1708 quem
344 1612 527 1686 rationem
553 1612 603 1688 ed
627 1616 868 1691 Dialecticsm
894 1626 932 1687 et
956 1615 1126 1688 Ethicam
1241 1690 1243 1697 ,

70 1731 169 1804 habet
194 1731 406 1827 Theologie,
431 1735 524 1823 sive,
549 1745 592 1806 ut
616 1739 736 1809 nostri
761 1735 904 1825 dicunt,
929 1734 1126 1832 Metophy-

71 1854 154 1941 sico,
186 1852 343 1925 eandem
376 1851 426 1926 ad
458 1858 667 1929 communie
692 1878 797 1929 sacro
821 1854 960 1928 habent
985 1856 1126 1928 teletas.

72 1973 136 2046 sed
172 1974 243 2046 hoc
280 1975 405 2071 ipsum
447 1975 616 2072 pluribus
650 1975 773 2050 modis
804 1975 960 2071 intelligi
991 1985 1126 2073 potest.

70 2091 155 2165 Nom
171 2093 324 2166 Teletoe
349 2106 414 2168 aut
439 2106 594 2195 propter
614 2099 821 2193 argumenti
845 2095 1128 2171 similimdinem

72 2236 143 2316 cum
172 2214 433 2312 philosophiae
465 2230 571 2313 perte
602 2220 712 2291 tertie
737 2230 775 2291 et
799 2229 1006 2316 postrema,
1034 2238 1128 2314 quae

71 2345 120 2405 est
148 2333 194 2407 de
226 2332 359 2408 natira
391 2347 430 2409 et
452 2337 564 2412 rebus
590 2339 776 2428 occultis,.
802 2339 1011 2437 comparari
1040 2358 1128 2434 pos·

72 2465 157 2545 sunt,
181 2468 246 2529 aut
271 2458 367 2554 quia*
384 2456 542 2545 cundem
569 2457 756 2555 dignitatis
775 2459 932 2555 gradum
949 2458 1125 2531 obtinent

70 2574 158 2649 iliud
199 2578 262 2675 qui
300 2589 453 2651 sumunt
493 2590 604 2677 atque
642 2581 681 2652 in
722 2582 909 2673 mysteriis
942 2601 1128 2653 summam

71 2695 246 2791 quondam
279 2695 554 2796 disciplinarum
579 2700 869 2795 theologicamm
892 2701 1128 2798 propositam

71 2837 142 2889 esse
172 2818 324 2910 volunt,
356 2840 433 2893 uon
464 2821 586 2894 solum
610 2820 716 2892 nulia
740 2820 877 2893 idonee
901 2820 1048 2892 ratione
1071 2819 1128 2891 ni-

70 2945 188 3011 tuntur
228 2938 296 3012 sed
334 2942 447 3014 etiam
486 2938 761 3014 diffieiltatibus
792 2939 1028 3036 implicantur
1067 2940 1127 3027 iis,

68 3067 150 3154 ques
174 3059 215 3132 in
239 3062 422 3159 principio
440 3063 746 3151 commemoravi3
770 3059 924 3132 undese
937 3062 1127 3154 nunquam
1170 3152 1176 3165 χ
1287 3116 1289 3125 .

21 3260 22 3297 ¹
69 3180 267 3278 expedient
318 3181 481 3275 Deinde,
514 3186 547 3256 si
573 3180 774 3280 Chrysippi
797 3178 914 3257 verbe
937 3180 993 3252 ite
1015 3177 1127 3250 inter·

21 3312 22 3351 ff
68 3312 262 3397 metamur,
287 3313 334 3375 ut
353 3304 393 3377 in
418 3304 530 3378 sacris
553 3305 765 3398 mysticis
782 3300 1129 3395 Theologiom‘per·

21 3506 22 3525 χ
68 3432 254 3496 tractatam
286 3445 367 3497 esse
398 3422 581 3516 dicamus,
624 3421 782 3520 effligere
812 3445 888 3497 non
919 3439 1128 3518 possumus,

69 3543 151 3638 quin
181 3542 388 3639 publicis
414 3543 569 3619 eandem
596 3567 681 3620 cum
705 3545 910 3620 Dialectice
935 3552 972 3613 et
996 3536 1133 3611 Ethicer

67 3661 342 3743 &militudinem
368 3664 583 3758 reddamus3
610 3665 710 3763 quod
730 3665 831 3738 dictu
845 3656 1048 3735 absurdum
1062 3665 1129 3728 est

69 3780 160 3876 3¹8⁰
193 3785 422 3880 comparatio
455 3786 528 3860 ista
560 3786 685 3883 posita
718 3796 774 3857 est
805 3786 846 3856 in
877 3781 1130 3863 haconem,
1165 3806 1173 3829 ο

69 3899 174 3998 (111θῶ
200 3912 242 3973 ut
265 3926 391 3976 rerum
417 3901 628 3980 divinarum
652 3904 811 3998 cognitio
832 3882 1010 3986 omnium,
1035 3916 1130 3993 quae
1196 3966 1199 3975 ,

68 4042 88 4092 a
110 4021 341 4119 philosophis
368 4037 601 4121 quaeruntur,
627 4047 715 4121 pars
742 4034 798 4097 est
818 4018 1036 4095 'difficillima
1049 4034 1128 4108 gra·
