2800 4759
452 202 724 261 ΟΙὶΡΗΙΟΑΜ
1048 195 1124 269 273

64 364 100 437 V.
124 365 156 437 2.
189 363 312 461 Sobel.
337 361 432 438 Plat
468 383 505 457 p.
534 359 593 435 ll.
626 362 772 437 Ruhnk.
804 386 828 437 a
860 365 988 447 multis
1020 370 1122 441 servi
1159 358 1162 365 ’

62 508 93 560 v.
118 481 273 572 Casaub
304 479 354 554 ad
385 479 520 583 Athen
552 481 653 556 XIV.
679 483 767 557 639.
798 484 847 557 D.
881 507 905 556 a
937 485 1125 585 plerisrpre
1190 558 1193 563 A

61 603 220 693 barbari,
246 612 285 675 et
310 602 516 676 recentiore
541 605 723 678 memoria
737 599 939 679 Christiani
952 628 989 679 v.
1003 604 1121 680 licitu.

61 723 104 829 ad
126 723 277 801 Lucian.
302 720 465 794 Alexa
491 721 553 796 38.
577 745 616 821 p.
641 723 731 797 424.
757 724 800 797 Τ.
824 724 867 797 V.
920 723 998 801 Sed
1022 728 1123 824 prin·

61 844 181 941 cipalis
207 845 289 919 sine
314 840 429 914 dubia
463 858 574 917 caena
598 846 891 943 graviumque
915 848 1041 944 posita
1067 860 1124 919 est

61 965 97 1038 iu
116 966 393 1062 peregrinarum
413 961 502 1035 edic
525 977 564 1037 et
584 977 698 1038 metu.
749 965 901 1038 Etenim
915 965 988 1039 fuit
1007 965 1123 1064 quod·

63 1082 142 1157 dam
157 1097 333 1182 ¹ternpus,
367 1066 483 1180 quum
515 1096 641 1179 gentes
675 1084 788 1158 nullia
819 1087 918 1159 inter
948 1107 989 1158 se
1026 1108 1123 1161 ecm-

63 1206 198 1278 nerciis
231 1206 370 1279 mixtae
401 1206 557 1302 solaque
590 1206 721 1279 nativa
752 1205 927 1279 arborum
961 1207 1037 1279 ritu
1067 1208 1123 1281 in·

20 1330 21 1387 l
63 1324 245 1399 haerentes
278 1348 346 1398 nec
376 1323 718 1422 alieniquidquam
752 1329 961 1426 reciperent
982 1348 1051 1399 nec
1076 1326 1124 1399 de

20 1432 21 1487 ί
65 1466 124 1520 suc
143 1446 488 1535 communicarent,
525 1455 563 1517 et
593 1448 635 1518 in
665 1447 751 1542 ipsa
781 1446 849 1518 illa
880 1445 1124 1520 humanitatis

66 1565 182 1639 altrice
216 1565 391 1667 Graecia,
433 1577 565 1641 namra
602 1574 678 1655 est,
711 1556 830 1664 'quam
867 1589 953 1640 rara
987 1566 1125 1642 hrcrim

66 1686 240 1782 quendam
278 1688 516 1776 commercia,
561 1708 672 1784 quam
708 1685 831 1760 intuta
866 1690 1124 1783 peregrinatio.

68 1805 251 1902 Ejusmodi
278 1817 404 1881 autem
430 1806 661 1905 temporibus
697 1815 736 1878 et
759 1805 928 1879 maribus
953 1808 1125 1902 alienige·

67 1946 126 2000 uas
150 1927 196 2003 ad
222 1950 412 2003 sanorum
437 1929 605 2005 civilium
625 1927 925 2000 communionem
937 1926 1127 2000 admissas

68 2068 149 2137 csse,
161 2071 251 2125 num
265 2047 439 2127 credibile
450 2047 621 2123 videturl
640 2069 754 2147 quum
767 2049 985 2144 pracsertim
1001 2049 1127 2121 mitic-

69 2154 159 2242 ribus
177 2169 311 2245 seculis
330 2168 501 2245 nonnulli
520 2178 600 2240 tam
624 2170 766 2242 morosi
786 2168 944 2257 fuerint,
970 2180 1013 2241 ut
1032 2190 1127 2241 vasa

69 2308 206 2384 peregre
240 2287 399 2363 advecta
430 2286 596 2364 Herode.
622 2287 666 2361 V.
692 2289 754 2362 88.
791 2287 925 2362 Athen
950 2287 1013 2360 IV.·
1043 2289 1125 2361 137.

71 2405 106 2479 F.
130 2422 164 2481 et
198 2411 386 2484 esculenta
411 2411 561 2483 exotica
586 2431 610 2481 a
635 2407 792 2482 dearum
820 2406 979 2505 dapibus
1006 2408 1127 2481 exelu-

57 2529 172 2602 ‘scrint
196 2541 235 2603 ct
259 2530 510 2606 removerintl
561 2510 718 2603 ‘Deinde
742 2551 855 2625 saepe
881 2548 1014 2601 causac
1038 2531 1128 2601 inci-

74 2644 213 2739 debant,
248 2675 362 2749 quum
393 2670 533 2749 parum
563 2674 584 2722 e
616 2630 808 2749 republica
837 2649 1028 2727 videretur
1063 2671 1129 2746 pa-

74 2766 136 2842 lam
159 2769 250 2844 deos
274 2773 435 2869 precari,
460 2794 508 2869 ne
535 2793 608 2868 qua
632 2773 762 2843 fierent
786 2771 916 2845 vatis
943 2778 1128 2840 contra-

27 2972 28 2985 :
73 2876 329 2991 ria'vctall
380 2889 487 2965 Unde
520 2891 689 2989 proiecta
721 2902 778 2964 est
809 2891 875 2963 illa
900 2888 1025 2984 Ajacis
1050 2868 1152 2960 rna-¹
1202 2957 1205 2963 ,
1271 2977 1273 2983 y

27 2994 29 3083 ἶ
74 3010 170 3084 nitio:

29 3188 30 3241 3
140 3147 217 3213 Ἀλλ’
241 3146 325 3234 b'yer'
353 3185 388 3195 -
411 3145 539 3229 εὔχεσθε
561 3149 616 3212 Διὶ
633 3149 788 3233 Κρονίωνι
801 3130 918 3212 1ίίναιιτι

145 3257 214 3337 σιγῇ
235 3250 283 3337 ἐφ’
305 3246 436 3332 ὑμείων,
456 3252 510 3312 ἵνα
530 3247 574 3332 μὴ
597 3251 705 3337 Τρῶές
724 3275 756 3336 γε
779 3247 952 3316 πύθωνται.

75 3367 156 3446 lhat
184 3375 285 3447 enim
312 3372 462 3470 publica
495 3373 642 3469 opinio,
681 3371 838 3445 deorum
870 3372 1029 3466 gratiam
1052 3388 1132 3440 mu-

75 3493 209 3569 neribus
237 3493 419 3592 donisque
442 3491 578 3565 redimi
603 3512 732 3588 posse,
756 3493 937 3590 facileque
958 3493 999 3563 in
1022 3482 1154 3561 rebus*

122 3714 157 3784 [θ]
175 3717 275 3770 Zencb.
294 3715 429 3768 Prcv.IV.
441 3711 484 3765 29.
499 3708 600 3787 Ἀράτῳ
619 3709 633 3766 ὁ
652 3710 718 3774 θεὸς
736 3712 911 3785 φυλάξασθαι
924 3711 978 3781 ἔφη
991 3707 1031 3782 μὴ
1044 3704 1135 3762 λάθω-

80 3796 115 3830 σιν
136 3789 162 3838 οἱ
183 3789 211 3847 ἐξ
234 3789 359 3847 ἐναντίας
376 3785 441 3856 εὐχῇ
457 3787 562 3855 μείζονι
574 3780 755 3856 χρησάμενοι.
774 3784 844 3854 quod
862 3782 895 3834 da
912 3780 1026 3841 Dictirno
1044 3787 1135 3832 nutat

81 3849 154 3906 Sebel.
176 3857 240 3909 Eur.
266 3857 381 3910 Pboenn.
407 3854 483 3908 1408.
506 3855 649 3908 laurenses
672 3871 753 3906 nonae
770 3853 884 3924 praedae
901 3858 1045 3915 voverunt,
1067 3851 1134 3904 taci-
1261 3888 1271 3895 .

80 3926 170 3993 temque
193 3946 250 3982 ean
267 3945 322 3980 retu
340 3928 471 3990 habuere,
497 3943 537 3978 ne
554 3924 651 3977 vetis
668 3924 898 3978 vincerentur
914 3922 1008 3975 lustin.
1025 3920 1057 3972 L.
1075 3918 1135 3972 XX.

82 4006 99 4040 c.
113 3994 135 4046 2.

889 4101 936 4172 18
