2800 4759
466 232 739 289 narnien.
1061 216 1136 292 313
1203 219 1207 224 '

16 437 17 446 κ
75 409 153 463 mus
178 390 302 463 obstat
326 390 426 463 illius
457 389 637 487 temporis
670 389 893 479 obscuritas,
931 386 1031 486 quod
1055 393 1137 466 nul·

75 513 117 585 lis
141 512 220 584 fere
244 512 435 604 literarum
461 512 698 583 monimentis
724 511 949 583 illustratum
975 513 1137 606 regionis
1165 487 1175 502 ¹

75 630 191 703 simile
225 630 298 703 dici
328 642 454 730 potest
486 632 604 703 coecis
635 628 772 704 nubilis
805 628 1004 721 obductae,
1039 631 1139 706 unde

75 754 207 825 arcium
235 752 396 826 culmina
422 753 601 840 eminent,
637 751 758 824 solum
794 763 831 824 et
855 749 1138 828 hindamentum

75 870 172 966 latet.
225 872 300 946 Sed
325 895 501 968 magnum
527 870 712 970 quendam
738 873 968 968 ingeniorum
995 879 1139 949 aestum

74 1003 109 1062 et
132 1014 232 1067 nova
258 992 531 1097 meditamenta
549 1002 706 1066 testatur
720 994 845 1090 poesis
860 994 998 1087 lyricae
1011 998 1139 1094 paullo

73 1092 156 1210 post
181 1113 392 1188 Hesiodum
426 1113 706 1188 increbescentis
739 1112 918 1211 perfectio
952 1128 989 1189 et
1019 1115 1140 1215 philo·

73 1234 224 1330 sophiae
251 1248 352 1308 ortus
379 1246 417 1307 et
442 1236 579 1308 artium
613 1235 880 1329 elegantiarum
905 1236 1140 1311 incrementa

72 1352 229 1450 Jnmjam
256 1355 397 1453 templa
430 1354 488 1428 dis
521 1354 767 1452 heroibusque
797 1358 988 1452 magnifice
1019 1358 1141 1450 condi,

73 1473 179 1548 ludos
218 1473 402 1549 solemnes
443 1475 653 1575 oppidatim
694 1476 859 1567 institui,
906 1477 1140 1553 sacerdotum

71 1617 266 1669 numerum
297 1608 336 1669 et
359 1597 539 1692 insignia,
575 1596 754 1691 abrogato
787 1600 1005 1695 praesertim
1038 1601 1140 1696 regio

70 1717 251 1815 imperio,
285 1718 436 1813 gliscere
468 1717 652 1810 videmus.
705 1715 780 1790 Sed
806 1716 939 1794 lisdem
965 1723 1141 1818 tempori-

71 1836 137 1909 bus
159 1839 274 1910 etism
299 1841 475 1932 mysticas
495 1839 732 1926 cerimonias,
758 1859 914 1936 quarum
935 1842 1075 1938 prima,
1099 1853 1142 1913 ut

73 1954 254 2048 diximus,
279 1961 438 2054 vestigia
461 1962 511 2054 in⁸
528 1957 981 2046 carminibusHesiodeis
1004 1972 1041 2035 et
1067 1957 1141 2054 Cy·

73 2077 170 2152 elicis
195 2090 398 2178 apparent,
431 2080 539 2175 longe
564 2082 712 2178 lateque
737 2079 840 2153 fusas
867 2101 948 2154 esse
975 2102 1140 2154 omnem·

76 2220 144 2294 que
166 2201 284 2273 vitam
310 2204 419 2277 novis
445 2223 644 2299 occupasse
677 2202 1023 2299 superstitionibus,
1061 2225 1140 2276 ma·
1172 2249 1175 2255 n

72 2318 247 2396 nilestum
273 2321 363 2397 facit
387 2319 587 2395 multitudo
604 2323 945 2419 praestigiatorum,
971 2324 1036 2418 qui
1052 2322 1140 2395 inde

73 2461 185 2537 usque
219 2441 413 2517 Graeciam
439 2444 642 2541 ‘pervagati
675 2452 762 2515 sunt
794 2463 869 2515 non
903 2442 1026 2536 solum
1060 2466 1139 2514 cae-

75 2558 223 2636 demet
247 2563 465 2664 sanguinem·
489 2561 553 2635 sed
570 2563 681 2634 etiam
697 2560 888 2660 prodigia,
915 2584 1020 2635 sacra
1042 2585 1141 2636 com·

74 2683 204 2772 missa,
241 2694 279 2755 et
310 2682 491 2781 quidquid
529 2682 761 2781 piaculorum
801 2704 866 2755 seu
901 2683 1035 2777 singuli
1074 2706 1141 2757 seu

73 2803 201 2901 populi
209 2804 271 2902 [⁰⁰]
297 2806 555 2901 suscepissent,
581 2803 839 2896 secretioribus
856 2802 1077 2900 quibusdam
1090 2804 1141 2877 ri·

74 2923 169 2997 tibus
195 2925 405 3022 expiantes.
457 2923 540 3015 Quo
566 2927 605 2997 in
631 2946 787 2998 numero
813 2935 899 2998 ante
915 2937 1057 2997 ceteros
1084 2948 1141 2997 ce-
1239 3009 1243 3018 ἢ

75 3044 237 3118 lebratur
262 3042 396 3119 Abaris
418 3043 676 3151 χρησμολόγος
710 3060 747 3118 et
778 3044 998 3146 xudnpmlc,
1032 3045 1142 3142 quem
1235 3039 1246 3063 ⁹
1295 3021 1308 3042 κ

75 3168 136 3263 qui
162 3164 387 3263 Olympiade
412 3165 574 3239 secunda
598 3168 739 3242 vixisse
764 3178 934 3256 narrant,
968 3171 1140 3255 aetatem,

76 3309 184 3383 quam
217 3286 403 3382 subjector
435 3290 638 3362 carminum
676 3289 874 3361 ementitus
909 3300 982 3378 est,
1022 3286 1177 3383 desig.

74 3428 160 3480 nare
185 3406 379 3498 videntur,
406 3411 469 3507 qui
494 3408 738 3508 quadraginta
762 3410 889 3482 lustris
914 3420 1021 3508 post,
1058 3431 1140 3481 eam
1244 3479 1246 3484 .

142 3560 198 3629 [⁰⁰]
218 3560 268 3613 His
285 3560 635 3631 turbulentistenrporibus,
654 3561 747 3630 quibus
765 3562 886 3615 Graecae
903 3563 980 3614 urbes
997 3560 1141 3613 discordia·

76 3643 129 3681 runr
152 3629 266 3683 civilium
289 3638 363 3683 aestu
380 3627 574 3701 fatigabantur,
592 3632 673 3685 mults
690 3633 747 3684 sine
764 3632 841 3685 dubio
860 3627 912 3703 ἄγη
930 3629 1064 3686 commissa
1081 3637 1142 3685 sunt

76 3699 166 3752 sinilia
183 3700 295 3769 Cylonio
313 3710 340 3754 et
356 3702 404 3765 illi,
423 3704 492 3772 qnod
509 3703 653 3771 Aeginetae
670 3698 843 3756 ἐκθύσασθαι
860 3720 911 3755 non
928 3707 1067 3772 potuerunt
1083 3703 1140 3755 He·
1199 3763 1204 3764 ⁷

76 3771 129 3822 rod.
154 3772 198 3827 VI.
216 3771 260 3823 91.
285 3789 336 3841 quo
359 3774 443 3841 major
466 3774 624 3843 expiantium
648 3774 798 3824 auctoritas.
822 3773 918 3843 Delphi
942 3779 1027 3825 umen
1053 3773 1140 3830 occiso

77 3840 176 3910 Aesopo
200 3843 330 3911 piaculum
347 3844 441 3913 pretio,
460 3848 490 3896 ut
507 3844 666 3912 antiquiores
684 3842 818 3908 solebant,
843 3844 944 3896 solvere
958 3842 1024 3911 jussi
1041 3843 1140 3897 Herod.

76 3910 111 3962 lt
129 3911 187 3965 134.
204 3913 380 3966 Lustrationis
398 3915 517 3984 publicae
533 3914 627 3968 mentio
646 3913 730 3982 prima
745 3918 787 3965 est
803 3913 1020 3983 in'Hipponactis
1034 3913 1141 3983 Fragm-
1244 3961 1250 3977 s

77 3998 101 4048 p.
119 3980 159 4034 69.
184 3984 229 4036 sed
247 3987 341 4036 nomen·
356 3981 523 4058 σύμβακχοι,
546 3985 615 4055 quod
632 3982 768 4039 Helladlus
786 3990 944 4057 φαρμακοῖς
966 3985 1017 4038 illia
1039 3985 1141 4049 tribuit,

78 4067 127 4105 non
144 4062 258 4125 mutiat,
277 4057 380 4126 quando
397 4058 425 4111 in
443 4074 515 4111 usum
532 4056 640 4112 venerit.
